Bank Account,Date,Narrative,Debit,Credit,Balance,Categories,Serial
797665893991,27/08/2015,227084452449367 ROBINSON AND SONS ,,1099.34,8210.0,ATM, 
797665893991,30/08/2015,Mccann-Reed,1291.29,,9501.29,PAYMENT, 
797665893991,02/09/2015,652028456877267 EVANS LESTER AND EDWARDS ,1281.84,,10783.130000000001,OTHER, 
797665893991,03/09/2015,832148479777836 KHAN GROUP ,116.25,,10899.380000000001,POS, 
797665893991,06/09/2015,551898938951478 ROBLES-JONES ,,1686.14,9213.240000000002,POS, 
797665893991,08/09/2015,Bell-Jenkins,,709.29,8503.95,POS, 
797665893991,08/09/2015,Trujillo-Atkinson,,1409.89,7094.06,PAYMENT, 
797665893991,08/09/2015,837024811712685 HARRISON POWERS AND HENDERSON ,,461.88,6632.18,PAYMENT, 
797665893991,10/09/2015,576158554502569 GROSS AND SONS ,,1028.9,5603.280000000001,PAYMENT, 
797665893991,10/09/2015,342112035300333 MEYERS PLC ,31.43,,5634.710000000001,OTHER, 
797665893991,12/09/2015,413023444683614 MORGAN LTD ,,461.48,5173.230000000001,POS, 
797665893991,15/09/2015,Wilson-Morales,191.66,,5364.890000000001,OTHER, 
797665893991,15/09/2015,Jennings Bullock and Wilson,1910.31,,7275.200000000001,OTHER, 
797665893991,15/09/2015,Gonzalez Group,,185.45,7089.750000000001,PAYMENT, 
797665893991,16/09/2015,Taylor-Lloyd,,1994.98,5094.77,OTHER, 
797665893991,16/09/2015,Faulkner Lucero and Gonzalez,3.38,,5098.150000000001,PAYMENT, 
797665893991,18/09/2015,Glass Ltd,,136.51,4961.64,ATM, 
797665893991,18/09/2015,Joseph LLC,214.19,,5175.83,POS, 
797665893991,21/09/2015,530197619840721 BRADLEY WILLIAMS AND RUSSELL ,,243.42,4932.41,ATM, 
797665893991,23/09/2015,205580475957764 TODD LLC ,,814.59,4117.82,OTHER, 
797665893991,25/09/2015,865028769646434 GRIFFIN-DICKERSON ,,402.99,3714.83,OTHER, 
797665893991,27/09/2015,Kim Group,348.56,,4063.39,PAYMENT, 
797665893991,27/09/2015,Morse PLC,1191.12,,5254.51,POS, 
797665893991,27/09/2015,Kline Douglas and Wilson,781.78,,6036.29,ATM, 
797665893991,28/09/2015,125698884027815 ERICKSON GIBSON AND BERRY ,1121.28,,7157.57,PAYMENT, 
797665893991,29/09/2015,625383745439956 GARCIA LLC ,240.38,,7397.95,ATM, 
797665893991,02/10/2015,560996747540759 ALLEN-ORTIZ ,,853.09,6544.86,OTHER, 
797665893991,03/10/2015,455492758342097 RICHARDS LTD ,,1233.42,5311.44,ATM, 
797665893991,06/10/2015,129773002662072 LIVINGSTON LYONS AND HUGHES ,,1525.87,3785.5699999999997,ATM, 
797665893991,09/10/2015,97135464438633 CALLAHAN GROUP ,1375.22,,5160.79,ATM, 
797665893991,11/10/2015,Ellis Group,,375.5,4785.29,POS, 
797665893991,12/10/2015,191815205540229 STEPHENSON HARPER AND COLE ,596.18,,5381.47,POS, 
797665893991,13/10/2015,928697723127380 ADAMS-SANCHEZ ,,719.62,4661.85,OTHER, 
797665893991,15/10/2015,Jones-Hernandez,1021.83,,5683.68,PAYMENT, 
797665893991,15/10/2015,672466219061182 OLSON-FULLER ,,1313.59,4370.09,OTHER, 
797665893991,17/10/2015,King-Peterson,,631.93,3738.1600000000003,ATM, 
797665893991,19/10/2015,Thomas Harrington and Parker,,1603.73,2134.4300000000003,PAYMENT, 
797665893991,19/10/2015,Graham-Castaneda,,678.65,1455.7800000000002,PAYMENT, 
797665893991,21/10/2015,Herrera Lopez and Evans,1283.22,,2739.0,PAYMENT, 
797665893991,24/10/2015,Blanchard Inc,1189.07,,3928.0699999999997,ATM, 
797665893991,27/10/2015,Williams-Cox,1100.75,,5028.82,PAYMENT, 
797665893991,29/10/2015,Swanson PLC,924.41,,5953.23,POS, 
797665893991,30/10/2015,929163638593916 HENRY LTD ,770.66,,6723.889999999999,ATM, 
797665893991,02/11/2015,Griffith Ballard and Bailey,,1108.57,5615.32,PAYMENT, 
797665893991,03/11/2015,234717671522918 DANIELS LLC ,,1432.07,4183.25,OTHER, 
797665893991,05/11/2015,Harris Group,1964.2,,6147.45,ATM, 
797665893991,07/11/2015,Nguyen-Williams,,519.0,5628.45,ATM, 
797665893991,07/11/2015,584166505224284 BAKER-CARDENAS ,,1716.83,3911.62,POS, 
797665893991,08/11/2015,Smith-Warren,,462.14,3449.48,OTHER, 
797665893991,11/11/2015,455608526347564 MERCADO AND SONS ,802.27,,4251.75,PAYMENT, 
797665893991,13/11/2015,Harris-Ramirez,1114.51,,5366.26,OTHER, 
797665893991,15/11/2015,782931813174604 HILL-SMITH ,590.35,,5956.610000000001,POS, 
797665893991,16/11/2015,715504097504850 WILKERSON TAYLOR AND HESS ,,1026.27,4930.34,POS, 
797665893991,17/11/2015,Martin LLC,,378.76,4551.58,OTHER, 
797665893991,19/11/2015,749158123761249 MASON GROUP ,1614.05,,6165.63,POS, 
797665893991,21/11/2015,270234840964939 FOWLER-BROWN ,1319.92,,7485.55,POS, 
797665893991,24/11/2015,Rodriguez Ruiz and Shaw,464.9,,7950.45,ATM, 
797665893991,24/11/2015,Pearson Ramos and Arellano,,1192.6,6757.85,POS, 
797665893991,27/11/2015,954204135186422 GRIFFIN-BROWN ,,1585.75,5172.1,OTHER, 
797665893991,30/11/2015,627734695400744 MARTIN-SWEENEY ,700.4,,5872.5,OTHER, 
797665893991,02/12/2015,561736216965686 BAKER-CASTILLO ,636.44,,6508.9400000000005,PAYMENT, 
797665893991,04/12/2015,804262735700164 CARLSON PLC ,49.06,,6558.000000000001,PAYMENT, 
797665893991,06/12/2015,Davis LLC,,907.56,5650.4400000000005,PAYMENT, 
797665893991,06/12/2015,575429699474881 BLANCHARD-MCKINNEY ,,934.4,4716.040000000001,OTHER, 
797665893991,06/12/2015,378291691181090 BARRON LTD ,,642.16,4073.880000000001,POS, 
797665893991,08/12/2015,787054098614983 WILLIAMS SANCHEZ AND ANDERSON ,1129.13,,5203.010000000001,OTHER, 
797665893991,09/12/2015,Reeves-Clark,464.07,,5667.080000000001,ATM, 
797665893991,11/12/2015,921191916776063 HUGHES-SMITH ,,1997.58,3669.500000000001,PAYMENT, 
797665893991,11/12/2015,521897616948475 WAGNER PLC ,988.82,,4658.320000000001,POS, 
797665893991,11/12/2015,367582299280855 BROWN PEREZ AND GARDNER ,1380.0,,6038.320000000001,OTHER, 
797665893991,11/12/2015,Smith-Hall,709.43,,6747.750000000001,PAYMENT, 
797665893991,13/12/2015,Brown Bishop and Smith,,1219.86,5527.890000000001,ATM, 
797665893991,16/12/2015,389813345664926 NICHOLS TORRES AND TAYLOR ,27.41,,5555.300000000001,PAYMENT, 
797665893991,19/12/2015,230916219186878 KAUFMAN AND SONS ,,618.13,4937.170000000001,OTHER, 
797665893991,21/12/2015,231847705753493 HENDERSON-JOHNS ,,677.93,4259.240000000001,POS, 
797665893991,23/12/2015,Santos PLC,,1904.07,2355.170000000001,ATM, 
797665893991,25/12/2015,Mcclain-Martinez,1363.24,,3718.4100000000008,OTHER, 
797665893991,28/12/2015,213001898792754 ARNOLD INC ,,1940.4,1778.0100000000007,ATM, 
797665893991,31/12/2015,695629794433140 GOMEZ SANDERS AND BAKER ,,1003.09,774.9200000000006,PAYMENT, 
797665893991,03/01/2016,334910204031073 CALDERON CASTILLO AND ALLEN ,674.72,,1449.6400000000008,POS, 
797665893991,06/01/2016,Gordon Ltd,,1227.29,222.35000000000082,POS, 
797665893991,07/01/2016,Johnston Ltd,,711.23,-488.8799999999992,POS, 
797665893991,08/01/2016,398077599687712 SMITH LLC ,326.79,,-162.08999999999918,PAYMENT, 
797665893991,11/01/2016,618503683294304 BROWN-GREEN ,687.2,,525.1100000000008,OTHER, 
797665893991,14/01/2016,198874792930394 SCHNEIDER LEACH AND WILSON ,,1963.09,-1437.979999999999,OTHER, 
797665893991,15/01/2016,221621786961290 PARK GROUP ,,916.51,-2354.489999999999,PAYMENT, 
797665893991,18/01/2016,Johnson Ltd,1063.06,,-1291.429999999999,OTHER, 
797665893991,18/01/2016,Lewis Ltd,,695.97,-1987.399999999999,PAYMENT, 
797665893991,19/01/2016,Duarte Atkins and Brown,,1431.59,-3418.989999999999,PAYMENT, 
797665893991,20/01/2016,249232129388727 BARBER-COLLINS ,500.39,,-2918.599999999999,ATM, 
797665893991,22/01/2016,Nguyen Davenport and Johnson,282.95,,-2635.649999999999,OTHER, 
797665893991,23/01/2016,West Inc,946.24,,-1689.4099999999992,OTHER, 
797665893991,26/01/2016,516594728090367 CRAWFORD MARTINEZ AND HOLLAND ,,853.66,-2543.0699999999993,ATM, 
797665893991,26/01/2016,Pugh-Nicholson,1425.71,,-1117.3599999999992,OTHER, 
797665893991,29/01/2016,Obrien-Nelson,,1173.09,-2290.449999999999,ATM, 
797665893991,30/01/2016,867479692841191 BEASLEY KIM AND CARR ,775.6,,-1514.849999999999,OTHER, 
797665893991,31/01/2016,126549691578590 SCHWARTZ LLC ,1392.54,,-122.30999999999904,ATM, 
797665893991,31/01/2016,Sharp-Martin,,1952.21,-2074.519999999999,PAYMENT, 
797665893991,02/02/2016,King Group,1463.35,,-611.1699999999992,PAYMENT, 
797665893991,04/02/2016,888624731019623 JACKSON-CALHOUN ,,841.48,-1452.6499999999992,PAYMENT, 
797665893991,04/02/2016,Cherry Ltd,,905.31,-2357.959999999999,OTHER, 
797665893991,07/02/2016,Carter Group,,757.34,-3115.2999999999993,PAYMENT, 
797665893991,08/02/2016,Rivers-Ross,,743.42,-3858.7199999999993,OTHER, 
797665893991,10/02/2016,398867727815204 WHITE ATKINSON AND WATSON ,,212.08,-4070.7999999999993,ATM, 
797665893991,12/02/2016,734313676862240 HINTON RILEY AND MAYER ,,876.25,-4947.049999999999,PAYMENT, 
797665893991,14/02/2016,343631395452277 ANDERSON-SUTTON ,,377.28,-5324.329999999999,OTHER, 
797665893991,14/02/2016,530530940853192 VILLA CRUZ AND WHITEHEAD ,,1427.84,-6752.169999999999,OTHER, 
797665893991,17/02/2016,623655265919665 COLEMAN WILLIAMS AND OLSEN ,282.69,,-6469.48,POS, 
797665893991,17/02/2016,521544035893070 GREEN-BRYANT ,,1571.15,-8040.629999999999,PAYMENT, 
797665893991,17/02/2016,112891793739748 SUAREZ RIVERA AND PUGH ,759.4,,-7281.23,PAYMENT, 
797665893991,20/02/2016,669609698724937 MARTINEZ-WARREN ,325.25,,-6955.98,OTHER, 
797665893991,21/02/2016,West Macias and Green,1842.04,,-5113.94,OTHER, 
797665893991,24/02/2016,205554201342108 MACK INC ,1622.08,,-3491.8599999999997,ATM, 
797665893991,26/02/2016,Davis Fisher and Henry,1649.64,,-1842.2199999999996,ATM, 
797665893991,26/02/2016,Wagner Martin and Gonzalez,1754.69,,-87.52999999999952,PAYMENT, 
797665893991,29/02/2016,Berger Ltd,,777.94,-865.4699999999996,ATM, 
797665893991,02/03/2016,336198218975014 BROOKS PATEL AND JONES ,300.37,,-565.0999999999996,PAYMENT, 
797665893991,03/03/2016,441947916882238 WALKER-SMITH ,315.1,,-249.99999999999955,OTHER, 
797665893991,04/03/2016,Lynch Group,,1900.51,-2150.5099999999993,POS, 
797665893991,05/03/2016,444437877950171 GARCIA-HODGE ,,321.6,-2472.109999999999,POS, 
797665893991,08/03/2016,Guerrero Ltd,1908.01,,-564.0999999999992,POS, 
797665893991,08/03/2016,Martin-Oconnell,1207.2,,643.1000000000008,OTHER, 
797665893991,10/03/2016,Thomas Mahoney and Riley,180.43,,823.5300000000009,PAYMENT, 
797665893991,12/03/2016,892452169230181 MOSS ROWLAND AND BARBER ,587.68,,1411.210000000001,PAYMENT, 
797665893991,12/03/2016,Martin Andersen and Robbins,,1964.8,-553.589999999999,POS, 
797665893991,14/03/2016,Richardson Robbins and Taylor,797.05,,243.46000000000095,OTHER, 
797665893991,16/03/2016,Jensen-Arellano,,249.01,-5.549999999999045,PAYMENT, 
797665893991,17/03/2016,Peters PLC,,1183.41,-1188.9599999999991,POS, 
797665893991,20/03/2016,Newton Inc,801.92,,-387.03999999999917,PAYMENT, 
797665893991,20/03/2016,908815115473427 CASE-PETERS ,,561.67,-948.7099999999991,POS, 
797665893991,22/03/2016,Ibarra Smith and Neal,662.29,,-286.41999999999916,OTHER, 
797665893991,22/03/2016,Garcia PLC,574.86,,288.44000000000085,POS, 
797665893991,22/03/2016,157513062671463 DAVIDSON-GREGORY ,,1780.27,-1491.829999999999,ATM, 
797665893991,23/03/2016,664441076044781 BROWN LOPEZ AND HARRIS ,,504.51,-1996.339999999999,OTHER, 
797665893991,25/03/2016,Hall PLC,182.69,,-1813.649999999999,POS, 
797665893991,25/03/2016,Chapman LLC,,1643.19,-3456.8399999999992,OTHER, 
797665893991,25/03/2016,Anderson Inc,,670.59,-4127.429999999999,OTHER, 
797665893991,26/03/2016,Franklin-Salinas,1933.21,,-2194.2199999999993,POS, 
797665893991,26/03/2016,Mitchell-Jimenez,,666.11,-2860.3299999999995,ATM, 
797665893991,26/03/2016,Richardson Shepard and Murray,,25.43,-2885.7599999999993,POS, 
797665893991,28/03/2016,894184670618238 SMITH-LOPEZ ,,971.53,-3857.289999999999,POS, 
797665893991,28/03/2016,66429677984531 GRANT-CORTEZ ,1707.54,,-2149.749999999999,POS, 
797665893991,28/03/2016,185126500772247 LANE LTD ,,1488.47,-3638.2199999999993,ATM, 
797665893991,28/03/2016,723496862382531 CRAWFORD BENSON AND MEYER ,,1687.29,-5325.509999999999,ATM, 
797665893991,29/03/2016,Johnson-Ortiz,892.36,,-4433.15,OTHER, 
797665893991,29/03/2016,Salazar Taylor and Mcclain,84.16,,-4348.99,POS, 
797665893991,29/03/2016,53028540478615 PATEL INC ,,1062.62,-5411.61,POS, 
797665893991,30/03/2016,626988902141427 SUTTON DIXON AND BARNES ,,1357.98,-6769.59,PAYMENT, 
797665893991,01/04/2016,Mata Hubbard and Hill,1692.46,,-5077.13,PAYMENT, 
797665893991,04/04/2016,West-Black,1440.67,,-3636.46,ATM, 
797665893991,04/04/2016,580981937742364 SHARP MEADOWS AND STRICKLAND ,,1220.86,-4857.32,PAYMENT, 
797665893991,06/04/2016,968712006093973 DAVIS-CHRISTENSEN ,,1551.43,-6408.75,ATM, 
797665893991,07/04/2016,Watson Kline and Cowan,,1495.99,-7904.74,ATM, 
797665893991,07/04/2016,987033774170511 COSTA-BRYANT ,,919.94,-8824.68,POS, 
797665893991,10/04/2016,603181999297238 WOODS PLC ,1335.81,,-7488.870000000001,POS, 
797665893991,10/04/2016,470963340749677 WILLIAMSON GROUP ,1714.9,,-5773.970000000001,ATM, 
797665893991,10/04/2016,660040794947262 CUNNINGHAM-LESTER ,,385.83,-6159.800000000001,POS, 
797665893991,12/04/2016,834250511171555 DAVIS HARPER AND MOORE ,,567.4,-6727.200000000001,OTHER, 
797665893991,13/04/2016,Kennedy-Wilkerson,,1503.74,-8230.94,POS, 
797665893991,16/04/2016,211138154206330 WALKER CURRY AND CAMPOS ,,1058.34,-9289.28,PAYMENT, 
797665893991,17/04/2016,90597806767694 PIERCE KIM AND BAILEY ,,1523.96,-10813.240000000002,POS, 
797665893991,20/04/2016,Yang Ltd,1567.21,,-9246.030000000002,PAYMENT, 
797665893991,21/04/2016,Williams and Sons,1958.9,,-7287.130000000003,PAYMENT, 
797665893991,22/04/2016,906801794197075 ROBERTS-JOHNSON ,1048.58,,-6238.550000000003,OTHER, 
797665893991,22/04/2016,Evans-Long,,1728.65,-7967.200000000003,PAYMENT, 
797665893991,23/04/2016,56922821100044 GREER VILLANUEVA AND HENRY ,,615.04,-8582.240000000002,OTHER, 
797665893991,26/04/2016,Jordan Molina and Jenkins,,1429.38,-10011.620000000003,OTHER, 
797665893991,27/04/2016,Lopez Higgins and Brown,,8.5,-10020.120000000003,PAYMENT, 
797665893991,27/04/2016,117429396879085 CASTRO-WATTS ,,1167.94,-11188.060000000003,POS, 
797665893991,29/04/2016,174361583817312 PACHECO-ANDERSON ,,259.69,-11447.750000000004,OTHER, 
797665893991,30/04/2016,Clark-Roberts,1393.62,,-10054.130000000005,POS, 
797665893991,02/05/2016,909616627112069 ROLLINS GROUP ,1597.17,,-8456.960000000005,ATM, 
797665893991,05/05/2016,Greene-Lyons,,1460.16,-9917.120000000004,OTHER, 
797665893991,06/05/2016,Salinas and Sons,,1713.21,-11630.330000000005,POS, 
797665893991,07/05/2016,Mcguire-Lewis,1121.19,,-10509.140000000005,PAYMENT, 
797665893991,09/05/2016,Jones Blair and Howard,,1310.07,-11819.210000000005,ATM, 
797665893991,11/05/2016,579062985781014 DELEON CARR AND BURNS ,425.47,,-11393.740000000005,OTHER, 
797665893991,11/05/2016,Valdez-Reed,,1559.78,-12953.520000000006,PAYMENT, 
797665893991,14/05/2016,Wright Inc,,1170.92,-14124.440000000006,ATM, 
797665893991,16/05/2016,594678319684104 ROSE-BERGER ,,173.67,-14298.110000000006,OTHER, 
797665893991,17/05/2016,221426131518056 EVANS-HOLMES ,732.64,,-13565.470000000007,PAYMENT, 
797665893991,17/05/2016,278470720206891 HAMPTON POWELL AND WELLS ,,1953.78,-15519.250000000007,PAYMENT, 
797665893991,18/05/2016,Ward Aguilar and Peters,52.57,,-15466.680000000008,PAYMENT, 
797665893991,19/05/2016,19371076069258 SIMPSON HAYNES AND THOMAS ,,1826.74,-17293.42000000001,PAYMENT, 
797665893991,22/05/2016,Davidson PLC,249.23,,-17044.19000000001,OTHER, 
797665893991,22/05/2016,177840252060061 GEORGE FLOWERS AND ALLISON ,1898.64,,-15145.55000000001,ATM, 
797665893991,22/05/2016,654136745452425 LONG AND SONS ,,1603.33,-16748.880000000012,PAYMENT, 
797665893991,25/05/2016,Phelps Young and Parker,182.03,,-16566.850000000013,POS, 
797665893991,26/05/2016,469388685636916 LOWERY LANE AND BARRY ,1903.93,,-14662.920000000013,PAYMENT, 
797665893991,28/05/2016,Robinson Powers and Bell,,395.01,-15057.930000000013,PAYMENT, 
797665893991,28/05/2016,Evans Group,1988.91,,-13069.020000000013,ATM, 
797665893991,30/05/2016,163619473386379 ALLEN GROUP ,,1275.45,-14344.470000000014,ATM, 
797665893991,02/06/2016,Rojas Miller and Garcia,,574.39,-14918.860000000013,OTHER, 
797665893991,04/06/2016,566891097523057 LANG PLC ,1910.68,,-13008.180000000013,PAYMENT, 
797665893991,07/06/2016,Williams-Brown,,1199.12,-14207.300000000014,PAYMENT, 
797665893991,07/06/2016,342024426163313 NAVARRO-SHELTON ,885.95,,-13321.350000000013,POS, 
797665893991,10/06/2016,309725584269511 FULLER INC ,,649.84,-13971.190000000013,OTHER, 
797665893991,13/06/2016,Johnson-Johnson,,172.56,-14143.750000000013,OTHER, 
797665893991,13/06/2016,616113651131640 BAILEY NICHOLS AND OSBORNE ,,387.29,-14531.040000000014,OTHER, 
797665893991,14/06/2016,460409493438790 AVERY-ALVAREZ ,,186.46,-14717.500000000013,PAYMENT, 
797665893991,16/06/2016,Patterson LLC,2.62,,-14714.880000000012,PAYMENT, 
797665893991,19/06/2016,247815386257626 RANDALL INC ,,860.34,-15575.220000000012,ATM, 
797665893991,20/06/2016,262259573065937 YODER-NGUYEN ,589.02,,-14986.200000000012,OTHER, 
797665893991,21/06/2016,957024152701040 SALAZAR LTD ,1261.77,,-13724.430000000011,POS, 
797665893991,23/06/2016,Holt-Williams,1268.92,,-12455.510000000011,POS, 
797665893991,24/06/2016,364598505343152 SCOTT-NORMAN ,1331.4,,-11124.110000000011,PAYMENT, 
797665893991,27/06/2016,Fox Bush and Armstrong,,977.21,-12101.32000000001,OTHER, 
797665893991,27/06/2016,966340884583603 HOGAN EVANS AND WHITEHEAD ,,1393.01,-13494.33000000001,POS, 
797665893991,28/06/2016,Mann Group,801.61,,-12692.72000000001,POS, 
797665893991,30/06/2016,79016687849751 PATTERSON-SHELTON ,1401.93,,-11290.79000000001,PAYMENT, 
797665893991,02/07/2016,951684860754496 GARCIA PLC ,358.54,,-10932.25000000001,POS, 
797665893991,04/07/2016,Hunt-Hurst,1971.23,,-8961.02000000001,ATM, 
797665893991,04/07/2016,May-Warner,1189.27,,-7771.750000000009,POS, 
797665893991,05/07/2016,Rowe Bridges and Clark,,167.56,-7939.3100000000095,PAYMENT, 
797665893991,06/07/2016,Chung-Alexander,,970.11,-8909.42000000001,ATM, 
797665893991,09/07/2016,Stuart Inc,,575.34,-9484.76000000001,OTHER, 
797665893991,09/07/2016,Gillespie-Maldonado,706.14,,-8778.62000000001,OTHER, 
797665893991,12/07/2016,Black Hudson and Matthews,853.88,,-7924.74000000001,OTHER, 
797665893991,13/07/2016,315727662910699 HANCOCK-MARTINEZ ,1289.07,,-6635.67000000001,PAYMENT, 
797665893991,14/07/2016,Morgan Ltd,772.02,,-5863.650000000011,ATM, 
797665893991,14/07/2016,684795766096110 OWENS LTD ,1326.59,,-4537.06000000001,POS, 
797665893991,14/07/2016,Jones-Cox,,38.7,-4575.76000000001,PAYMENT, 
797665893991,15/07/2016,425448785861897 DELGADO WOODS AND NIELSEN ,,516.41,-5092.17000000001,POS, 
797665893991,18/07/2016,367071880752641 JACKSON LTD ,,106.4,-5198.57000000001,ATM, 
797665893991,18/07/2016,Burns PLC,31.9,,-5166.67000000001,PAYMENT, 
797665893991,18/07/2016,381261828909104 RICHMOND-WATSON ,902.51,,-4264.16000000001,OTHER, 
797665893991,19/07/2016,391293873141883 FOLEY-FLYNN ,,931.82,-5195.98000000001,PAYMENT, 
797665893991,20/07/2016,388502722281558 MILLER AND SONS ,,40.13,-5236.11000000001,POS, 
797665893991,22/07/2016,Ramirez Rodriguez and Douglas,,334.03,-5570.140000000009,POS, 
797665893991,24/07/2016,Wright-Morris,683.75,,-4886.390000000009,ATM, 
797665893991,27/07/2016,Graves-Davis,1491.68,,-3394.710000000009,POS, 
797665893991,28/07/2016,Garcia Inc,67.86,,-3326.850000000009,ATM, 
797665893991,29/07/2016,135174124245226 PRINCE TAYLOR AND DAY ,,1647.76,-4974.610000000009,OTHER, 
797665893991,30/07/2016,86230509243882 POWELL LTD ,1673.35,,-3301.260000000009,OTHER, 
797665893991,30/07/2016,849344816789332 CHANEY POTTS AND WALKER ,,61.51,-3362.770000000009,ATM, 
797665893991,02/08/2016,21384954623685 HULL GARCIA AND THOMAS ,993.75,,-2369.020000000009,ATM, 
797665893991,04/08/2016,872018970459867 VARGAS STEPHENSON AND JIMENEZ ,1239.6,,-1129.4200000000092,OTHER, 
797665893991,06/08/2016,Price Adams and Hammond,,761.88,-1891.3000000000093,OTHER, 
797665893991,06/08/2016,Wright-Smith,1311.76,,-579.5400000000093,OTHER, 
797665893991,07/08/2016,Jackson-Williams,,1952.38,-2531.920000000009,ATM, 
797665893991,09/08/2016,Ray Group,688.76,,-1843.1600000000092,ATM, 
797665893991,11/08/2016,Boyle-Davis,1718.08,,-125.08000000000925,OTHER, 
797665893991,13/08/2016,11454106499940 WEBER-CAMPBELL ,944.05,,818.9699999999907,OTHER, 
797665893991,16/08/2016,Sampson-Stephens,409.07,,1228.0399999999906,OTHER, 
797665893991,19/08/2016,250606977646367 MURPHY-BLACK ,591.03,,1819.0699999999906,POS, 
797665893991,22/08/2016,Hogan-Perry,,1346.19,472.87999999999056,PAYMENT, 
797665893991,23/08/2016,411323547141188 MCCALL RAY AND MOODY ,,1340.45,-867.5700000000095,OTHER, 
797665893991,26/08/2016,Barrera Massey and Price,,1825.74,-2693.3100000000095,OTHER, 
797665893991,28/08/2016,Fry and Sons,1631.89,,-1061.4200000000094,OTHER, 
797665893991,28/08/2016,Howell Lyons and Reid,,1899.46,-2960.880000000009,ATM, 
797665893991,28/08/2016,Taylor PLC,,1230.41,-4191.290000000009,ATM, 
797665893991,29/08/2016,Smith Clark and Long,1383.15,,-2808.140000000009,OTHER, 
797665893991,30/08/2016,Gonzalez Inc,381.16,,-2426.980000000009,ATM, 
797665893991,31/08/2016,295408905941837 GONZALEZ JACKSON AND BROOKS ,296.68,,-2130.3000000000093,ATM, 
797665893991,31/08/2016,132188522446922 BRIGHT OSBORNE AND WILSON ,,429.63,-2559.9300000000094,PAYMENT, 
797665893991,01/09/2016,720341274213420 BEASLEY LOWE AND BERG ,1362.98,,-1196.9500000000094,OTHER, 
797665893991,03/09/2016,Hall Group,563.51,,-633.4400000000094,OTHER, 
797665893991,05/09/2016,91249882565128 HUMPHREY DONOVAN AND STEPHENS ,1364.15,,730.7099999999907,POS, 
797665893991,08/09/2016,Smith-Kelly,324.69,,1055.3999999999908,OTHER, 
797665893991,11/09/2016,316358731512738 POPE WARNER AND MARTINEZ ,1090.06,,2145.459999999991,ATM, 
797665893991,13/09/2016,Silva-Rosales,,1272.76,872.699999999991,OTHER, 
797665893991,14/09/2016,Escobar Mejia and Salazar,,1286.07,-413.370000000009,POS, 
797665893991,15/09/2016,959645394416272 HILL BARNETT AND BLAKE ,539.2,,125.82999999999106,POS, 
797665893991,15/09/2016,735004192787899 TORRES-GARCIA ,,1991.23,-1865.400000000009,POS, 
797665893991,16/09/2016,933224784007580 YANG GROUP ,,597.05,-2462.450000000009,POS, 
797665893991,18/09/2016,Mccoy Johnson and Smith,,981.36,-3443.810000000009,ATM, 
797665893991,21/09/2016,Peterson Dudley and Hall,,261.36,-3705.170000000009,ATM, 
797665893991,21/09/2016,426197452146547 THOMPSON-MUNOZ ,1013.37,,-2691.8000000000093,POS, 
797665893991,22/09/2016,774542445092859 FLORES WHITE AND ADAMS ,1329.41,,-1362.3900000000092,PAYMENT, 
797665893991,24/09/2016,Harrell LLC,611.34,,-751.0500000000092,ATM, 
797665893991,26/09/2016,233095174327829 LEE-WOOD ,,417.48,-1168.5300000000093,PAYMENT, 
797665893991,27/09/2016,284234970003071 JONES-FLORES ,,1866.38,-3034.9100000000094,PAYMENT, 
797665893991,30/09/2016,Skinner Levine and Johnson,,1924.67,-4959.580000000009,ATM, 
797665893991,02/10/2016,Williams Group,,870.41,-5829.990000000009,PAYMENT, 
797665893991,02/10/2016,White PLC,378.87,,-5451.120000000009,POS, 
797665893991,04/10/2016,714721197286351 STANTON WHITE AND MYERS ,,366.44,-5817.560000000009,OTHER, 
797665893991,05/10/2016,Baker-Jones,,595.58,-6413.1400000000085,ATM, 
797665893991,05/10/2016,Gutierrez Boone and Phillips,,472.57,-6885.710000000008,PAYMENT, 
797665893991,06/10/2016,Huffman-Irwin,,1949.55,-8835.260000000007,OTHER, 
797665893991,07/10/2016,Martinez PLC,1094.1,,-7741.160000000007,ATM, 
797665893991,07/10/2016,Robinson LLC,866.71,,-6874.450000000007,POS, 
797665893991,07/10/2016,929812024688522 HOLMES PLC ,,383.97,-7258.420000000007,ATM, 
797665893991,08/10/2016,803318485160967 SMITH-PERKINS ,,1459.03,-8717.450000000008,OTHER, 
797665893991,10/10/2016,Harrison Group,,1930.97,-10648.420000000007,POS, 
797665893991,13/10/2016,Tyler Group,,1111.39,-11759.810000000007,ATM, 
797665893991,14/10/2016,980797387625969 SHEPHERD INC ,,586.12,-12345.930000000008,ATM, 
797665893991,16/10/2016,Holt Avila and Heath,287.51,,-12058.420000000007,ATM, 
797665893991,17/10/2016,Howard Anderson and Payne,483.2,,-11575.220000000007,PAYMENT, 
797665893991,20/10/2016,897087738176687 CONWAY-MCFARLAND ,838.66,,-10736.560000000007,OTHER, 
797665893991,23/10/2016,Wright Wright and Joseph,,1806.74,-12543.300000000007,OTHER, 
797665893991,25/10/2016,607950187195089 ROY AND SONS ,1208.77,,-11334.530000000006,POS, 
797665893991,26/10/2016,170504337121777 JONES LTD ,,1858.11,-13192.640000000007,PAYMENT, 
797665893991,28/10/2016,West Branch and Gutierrez,,801.14,-13993.780000000006,POS, 
797665893991,28/10/2016,Kent Ramos and Jordan,,1969.24,-15963.020000000006,OTHER, 
797665893991,29/10/2016,30465031232743 FERNANDEZ BLANCHARD AND BENNETT ,1472.82,,-14490.200000000006,ATM, 
797665893991,01/11/2016,140292253577776 HARRIS-JONES ,1140.89,,-13349.310000000007,POS, 
797665893991,01/11/2016,687630246119018 HUNTER LLC ,,823.99,-14173.300000000007,OTHER, 
797665893991,04/11/2016,Lopez-Carter,1103.83,,-13069.470000000007,OTHER, 
797665893991,04/11/2016,437651703624733 HODGE PLC ,467.13,,-12602.340000000007,POS, 
797665893991,04/11/2016,915983316878556 ROBERTS INC ,,440.05,-13042.390000000007,ATM, 
797665893991,05/11/2016,Thomas PLC,,1921.48,-14963.870000000006,ATM, 
797665893991,06/11/2016,Sandoval Patel and Wright,,688.68,-15652.550000000007,OTHER, 
797665893991,09/11/2016,Adams LLC,,1433.12,-17085.670000000006,ATM, 
797665893991,10/11/2016,Cortez Johnson and Smith,,839.58,-17925.250000000007,PAYMENT, 
797665893991,10/11/2016,Williams Roberts and Smith,270.62,,-17654.63000000001,ATM, 
797665893991,13/11/2016,Bailey-Perkins,,142.4,-17797.03000000001,PAYMENT, 
797665893991,15/11/2016,713199675973182 STANLEY-SHERMAN ,,1857.45,-19654.48000000001,PAYMENT, 
797665893991,18/11/2016,850771491561643 MENDOZA INC ,,341.33,-19995.810000000012,ATM, 
797665893991,19/11/2016,985685127189825 BAILEY OLIVER AND PACHECO ,1613.53,,-18382.280000000013,POS, 
797665893991,22/11/2016,Kelley-Skinner,958.63,,-17423.650000000012,PAYMENT, 
797665893991,22/11/2016,696117301052722 HALEY AND SONS ,454.19,,-16969.460000000014,POS, 
797665893991,24/11/2016,534142897762245 CLARK NGUYEN AND SUAREZ ,,1044.99,-18014.450000000015,ATM, 
797665893991,24/11/2016,536692541086886 POTTER BAILEY AND BAKER ,775.21,,-17239.240000000016,POS, 
797665893991,27/11/2016,Valdez-Bush,,1007.97,-18247.210000000017,OTHER, 
797665893991,29/11/2016,175946601104179 HALL-GRAHAM ,,1992.01,-20239.220000000016,OTHER, 
797665893991,30/11/2016,Velasquez Perez and Smith,,936.63,-21175.850000000017,OTHER, 
797665893991,01/12/2016,467763066626818 REYES-HATFIELD ,,1902.47,-23078.320000000018,POS, 
797665893991,03/12/2016,Flores LLC,,174.41,-23252.730000000018,POS, 
797665893991,05/12/2016,70735055389543 BROWN LLC ,,1218.24,-24470.97000000002,OTHER, 
797665893991,08/12/2016,Chung-Green,543.85,,-23927.12000000002,OTHER, 
797665893991,09/12/2016,Bates Ltd,,1990.83,-25917.95000000002,ATM, 
797665893991,11/12/2016,Brown Robinson and Rich,,1369.39,-27287.34000000002,PAYMENT, 
797665893991,12/12/2016,Haynes Meyer and Villanueva,,859.63,-28146.97000000002,ATM, 
797665893991,14/12/2016,615964354656183 RODRIGUEZ INC ,1021.98,,-27124.99000000002,ATM, 
797665893991,16/12/2016,Hogan Rogers and Ford,,579.97,-27704.96000000002,ATM, 
797665893991,18/12/2016,Brown Mcguire and Ross,791.68,,-26913.28000000002,POS, 
797665893991,18/12/2016,446270209759856 SANDERS YU AND PARKER ,187.21,,-26726.07000000002,OTHER, 
797665893991,20/12/2016,Richardson and Sons,,1421.05,-28147.12000000002,PAYMENT, 
797665893991,21/12/2016,928588169933796 JOHNSON PLC ,,636.0,-28783.12000000002,PAYMENT, 
797665893991,21/12/2016,Blackwell Cooper and Price,1002.8,,-27780.32000000002,ATM, 
797665893991,22/12/2016,471150882491546 REYES INC ,608.67,,-27171.650000000023,OTHER, 
797665893991,25/12/2016,392150990524764 ARIAS-STOUT ,,342.11,-27513.760000000024,ATM, 
797665893991,28/12/2016,Wood Walker and Chavez,,1310.48,-28824.240000000023,OTHER, 
797665893991,31/12/2016,Williams Cooper and Perez,508.95,,-28315.290000000023,POS, 
797665893991,02/01/2017,933505643179530 MORGAN AND SONS ,617.49,,-27697.80000000002,OTHER, 
797665893991,02/01/2017,227761522352085 BROWN-ADAMS ,723.04,,-26974.76000000002,ATM, 
797665893991,03/01/2017,683836996446920 WHITAKER CASTRO AND WILLIAMS ,1631.1,,-25343.66000000002,OTHER, 
797665893991,04/01/2017,Thomas Ltd,,1594.46,-26938.12000000002,POS, 
797665893991,07/01/2017,Clay Ltd,12.49,,-26925.63000000002,PAYMENT, 
797665893991,08/01/2017,Cunningham-Cunningham,,45.64,-26971.27000000002,OTHER, 
797665893991,09/01/2017,32213367461970 GRIFFITH AND SONS ,,1800.01,-28771.280000000017,PAYMENT, 
797665893991,11/01/2017,Dixon Group,,120.56,-28891.84000000002,PAYMENT, 
797665893991,13/01/2017,460129807502024 ROBERTS LLC ,,621.17,-29513.010000000017,POS, 
797665893991,15/01/2017,Day Fisher and Evans,,208.14,-29721.150000000016,OTHER, 
797665893991,15/01/2017,Rogers-Aguilar,1524.29,,-28196.860000000015,OTHER, 
797665893991,17/01/2017,Little Group,906.37,,-27290.490000000016,OTHER, 
797665893991,17/01/2017,400772461142088 BARAJAS MCCULLOUGH AND SELLERS ,1003.94,,-26286.550000000017,ATM, 
797665893991,18/01/2017,Thomas Jones and Graves,897.34,,-25389.210000000017,POS, 
797665893991,21/01/2017,Smith-Bell,485.12,,-24904.09000000002,POS, 
797665893991,22/01/2017,Weiss-Zimmerman,,1181.6,-26085.690000000017,OTHER, 
797665893991,25/01/2017,Miles Wolf and Barnes,,1034.37,-27120.060000000016,ATM, 
797665893991,28/01/2017,609146568365652 ROBINSON WRIGHT AND BRYANT ,1659.28,,-25460.780000000017,POS, 
797665893991,30/01/2017,485296894757490 STEVENSON-KRAMER ,1410.73,,-24050.050000000017,OTHER, 
797665893991,01/02/2017,Nolan-Jacobson,1534.43,,-22515.620000000017,POS, 
797665893991,04/02/2017,Hendrix-Lane,563.64,,-21951.980000000018,PAYMENT, 
797665893991,07/02/2017,Martinez Inc,,589.29,-22541.27000000002,OTHER, 
797665893991,07/02/2017,Turner and Sons,,1131.08,-23672.35000000002,POS, 
797665893991,09/02/2017,Perez-Case,,214.79,-23887.14000000002,PAYMENT, 
797665893991,10/02/2017,541875107241073 HORTON PEREZ AND ROBERSON ,,350.5,-24237.64000000002,POS, 
797665893991,13/02/2017,288382753704892 HARRIS INC ,,968.49,-25206.130000000023,POS, 
797665893991,13/02/2017,463561298727201 BARNETT-NGUYEN ,1921.7,,-23284.430000000022,PAYMENT, 
797665893991,16/02/2017,Warner-Perkins,1087.88,,-22196.55000000002,ATM, 
797665893991,18/02/2017,159941801426686 MILLS-MORGAN ,,450.56,-22647.110000000022,ATM, 
797665893991,19/02/2017,931454559464145 DAY-COLLINS ,,1669.66,-24316.770000000022,PAYMENT, 
797665893991,20/02/2017,555782074139995 WILSON-CALLAHAN ,,730.34,-25047.110000000022,PAYMENT, 
797665893991,22/02/2017,101870889136547 SIMPSON-GREEN ,,1924.89,-26972.000000000022,PAYMENT, 
797665893991,22/02/2017,Escobar-Pierce,1811.55,,-25160.450000000023,POS, 
797665893991,22/02/2017,567622982867100 MILLER-JONES ,1802.2,,-23358.250000000022,PAYMENT, 
797665893991,24/02/2017,177307498240745 GREER-TORRES ,1185.65,,-22172.60000000002,PAYMENT, 
797665893991,24/02/2017,150916987019330 PARKER-HARRINGTON ,1558.78,,-20613.82000000002,POS, 
797665893991,26/02/2017,Smith Wilson and Miller,,1020.95,-21634.770000000022,PAYMENT, 
797665893991,28/02/2017,394327140554529 DAVIS-BAILEY ,,317.95,-21952.720000000023,PAYMENT, 
797665893991,03/03/2017,304388244715995 BUCK LTD ,566.35,,-21386.370000000024,POS, 
797665893991,04/03/2017,588553555935170 MORRIS-MARTIN ,1038.7,,-20347.670000000024,ATM, 
797665893991,07/03/2017,795677707417682 RAMIREZ INC ,,1568.05,-21915.720000000023,ATM, 
797665893991,08/03/2017,645419526687577 BEARD-CARPENTER ,,1827.4,-23743.120000000024,PAYMENT, 
797665893991,08/03/2017,Hill Inc,,1540.49,-25283.610000000026,POS, 
797665893991,08/03/2017,474084988933896 STOUT MACDONALD AND PATEL ,,980.33,-26263.940000000028,POS, 
797665893991,08/03/2017,337642267811339 EVERETT-SALINAS ,,514.94,-26778.880000000026,OTHER, 
797665893991,10/03/2017,Wilkinson and Sons,,1539.29,-28318.170000000027,PAYMENT, 
797665893991,12/03/2017,50967646666818 JOHNSON INC ,,908.62,-29226.790000000026,POS, 
797665893991,13/03/2017,476178561375860 HILL-KIM ,,873.73,-30100.520000000026,POS, 
797665893991,15/03/2017,Adams-Weeks,,1506.83,-31607.350000000028,OTHER, 
797665893991,16/03/2017,416797507465983 SMITH-BROOKS ,931.25,,-30676.100000000028,POS, 
797665893991,19/03/2017,834601971421993 GREENE FRENCH AND HERRERA ,,210.33,-30886.43000000003,PAYMENT, 
797665893991,21/03/2017,Dorsey Taylor and Sloan,336.99,,-30549.440000000028,PAYMENT, 
797665893991,22/03/2017,Vargas Leonard and Parrish,1366.46,,-29182.98000000003,OTHER, 
797665893991,23/03/2017,Fuller and Sons,,978.08,-30161.06000000003,PAYMENT, 
797665893991,23/03/2017,Hogan Lynn and Garcia,,1302.46,-31463.52000000003,PAYMENT, 
797665893991,23/03/2017,729748169897229 CHEN GORDON AND MURPHY ,,88.57,-31552.09000000003,ATM, 
797665893991,24/03/2017,983571003867369 YOUNG BAILEY AND JOHNSON ,,1540.87,-33092.96000000003,ATM, 
797665893991,27/03/2017,466156551112058 BOWEN LLC ,112.76,,-32980.200000000026,PAYMENT, 
797665893991,30/03/2017,233163584238648 PEREZ-CANTU ,750.47,,-32229.730000000025,POS, 
797665893991,31/03/2017,Butler Scott and Klein,,677.08,-32906.81000000003,POS, 
797665893991,01/04/2017,871169835350442 STEPHENS LLC ,,1298.51,-34205.32000000003,OTHER, 
797665893991,03/04/2017,71661358205597 SCHROEDER-NELSON ,,1066.98,-35272.30000000003,POS, 
797665893991,05/04/2017,Park Jones and Davis,212.38,,-35059.920000000035,ATM, 
797665893991,07/04/2017,Lopez Anderson and Adkins,,917.94,-35977.86000000004,OTHER, 
797665893991,09/04/2017,877595199339698 BENTON-OWENS ,1657.23,,-34320.630000000034,ATM, 
797665893991,09/04/2017,Lopez Ltd,,335.74,-34656.37000000003,PAYMENT, 
797665893991,12/04/2017,926494310564317 RIVAS PIERCE AND NORRIS ,,648.45,-35304.82000000003,ATM, 
797665893991,13/04/2017,Thompson-Holland,1234.56,,-34070.26000000003,OTHER, 
797665893991,15/04/2017,Brown Ltd,,1554.26,-35624.52000000003,POS, 
797665893991,18/04/2017,959151017601214 HUGHES LAWRENCE AND COMPTON ,,1786.45,-37410.97000000003,PAYMENT, 
797665893991,19/04/2017,79161245695342 COLLINS PLC ,,1196.86,-38607.83000000003,POS, 
797665893991,22/04/2017,Hill Martinez and Santiago,1471.93,,-37135.90000000003,ATM, 
797665893991,24/04/2017,147573903743138 POOLE ONEILL AND WILSON ,,1362.55,-38498.45000000003,ATM, 
797665893991,25/04/2017,Collier-Kelly,,1590.82,-40089.27000000003,PAYMENT, 
797665893991,26/04/2017,Ferguson-Shah,931.68,,-39157.59000000003,PAYMENT, 
797665893991,29/04/2017,Wood-Burgess,1708.86,,-37448.73000000003,POS, 
797665893991,29/04/2017,Perez and Sons,1669.29,,-35779.44000000003,PAYMENT, 
797665893991,01/05/2017,526391044934280 GREER AND SONS ,,1992.54,-37771.98000000003,OTHER, 
797665893991,01/05/2017,326740341943767 JENNINGS GROUP ,,1228.89,-39000.87000000003,OTHER, 
797665893991,01/05/2017,188511415289874 COLE PLC ,497.39,,-38503.48000000003,OTHER, 
797665893991,03/05/2017,Jones-Banks,,1465.02,-39968.50000000003,POS, 
797665893991,06/05/2017,Nelson Thomas and Lee,,649.81,-40618.31000000003,OTHER, 
797665893991,08/05/2017,Burns Inc,,1801.66,-42419.97000000003,PAYMENT, 
797665893991,11/05/2017,Wade Caldwell and Newman,558.95,,-41861.02000000003,OTHER, 
797665893991,12/05/2017,428601050055904 JACKSON MYERS AND PETERSON ,,1328.34,-43189.36000000003,OTHER, 
797665893991,12/05/2017,144681226645097 HAWKINS-GREEN ,847.53,,-42341.83000000003,POS, 
797665893991,15/05/2017,157512519110457 WATSON TRAN AND HUNTER ,,484.75,-42826.58000000003,OTHER, 
797665893991,16/05/2017,Anderson-Peterson,1390.98,,-41435.60000000003,ATM, 
797665893991,16/05/2017,Holt Simmons and Adkins,1627.82,,-39807.78000000003,POS, 
797665893991,18/05/2017,826613521149524 HUNT AND SONS ,,1819.79,-41627.57000000003,ATM, 
797665893991,20/05/2017,393573500497323 WEBB MCGEE AND PRESTON ,1975.47,,-39652.10000000003,PAYMENT, 
797665893991,23/05/2017,Webb-Williams,,702.15,-40354.25000000003,ATM, 
797665893991,26/05/2017,236587499346174 JOHNSTON CHEN AND CUMMINGS ,,1127.61,-41481.86000000003,ATM, 
797665893991,29/05/2017,551837066728419 MYERS AND SONS ,,829.46,-42311.32000000003,OTHER, 
797665893991,30/05/2017,Smith LLC,,1569.32,-43880.64000000003,PAYMENT, 
797665893991,31/05/2017,Frye Lewis and Mata,,861.7,-44742.340000000026,OTHER, 
797665893991,31/05/2017,298249805237119 SALAS GROUP ,,299.02,-45041.36000000002,ATM, 
797665893991,01/06/2017,Meadows Inc,585.95,,-44455.410000000025,PAYMENT, 
797665893991,01/06/2017,731896550337361 GOMEZ CARROLL AND ALEXANDER ,,1046.28,-45501.690000000024,PAYMENT, 
797665893991,04/06/2017,Rivera and Sons,,398.41,-45900.10000000003,PAYMENT, 
797665893991,05/06/2017,627810191178067 CISNEROS-NGUYEN ,,146.8,-46046.90000000003,POS, 
797665893991,06/06/2017,Logan Patterson and Lucas,1609.68,,-44437.22000000003,POS, 
797665893991,09/06/2017,160958678387611 WILLIAMS AND SONS ,76.87,,-44360.35000000003,OTHER, 
797665893991,11/06/2017,Lamb Inc,706.92,,-43653.43000000003,OTHER, 
797665893991,14/06/2017,474408364036264 LOPEZ PLC ,,1823.04,-45476.47000000003,ATM, 
797665893991,14/06/2017,47079789052803 PORTER-ARROYO ,1861.34,,-43615.130000000034,ATM, 
797665893991,16/06/2017,Phelps-Cameron,,620.41,-44235.54000000004,ATM, 
797665893991,16/06/2017,Ferguson Moore and Smith,1592.13,,-42643.41000000004,POS, 
797665893991,16/06/2017,Kramer-Allen,,823.67,-43467.08000000004,POS, 
797665893991,19/06/2017,706216563375245 EDWARDS TORRES AND PAUL ,1340.65,,-42126.43000000004,PAYMENT, 
797665893991,21/06/2017,113120358830263 ANDREWS LTD ,524.65,,-41601.780000000035,POS, 
797665893991,21/06/2017,477176382599939 UNDERWOOD-GAINES ,,1415.22,-43017.00000000004,OTHER, 
797665893991,23/06/2017,Mejia PLC,,313.77,-43330.77000000003,PAYMENT, 
797665893991,26/06/2017,894047763115391 WOLF-ROSE ,,1809.91,-45140.68000000004,PAYMENT, 
797665893991,26/06/2017,Nixon Wilson and Peterson,951.51,,-44189.170000000035,ATM, 
797665893991,29/06/2017,Gray-Harrington,787.87,,-43401.30000000003,ATM, 
797665893991,29/06/2017,690184732101301 CLARK-JOHNSON ,1916.65,,-41484.65000000003,POS, 
797665893991,30/06/2017,Gamble Ltd,599.85,,-40884.80000000003,ATM, 
797665893991,02/07/2017,872054235231343 ANDERSON-MELTON ,1012.89,,-39871.91000000003,ATM, 
797665893991,05/07/2017,Eaton-Williams,,272.85,-40144.76000000003,PAYMENT, 
797665893991,08/07/2017,Hall Group,,649.91,-40794.670000000035,OTHER, 
797665893991,08/07/2017,645490113646993 HUBER BALL AND ROTH ,,389.67,-41184.34000000003,PAYMENT, 
797665893991,11/07/2017,Moore-Richmond,,510.32,-41694.66000000003,ATM, 
797665893991,14/07/2017,641280274052270 ONEILL JOHNSTON AND PATTERSON ,,1402.36,-43097.02000000003,OTHER, 
797665893991,17/07/2017,876178700887569 CASTANEDA-CARRILLO ,731.71,,-42365.310000000034,POS, 
797665893991,17/07/2017,Michael-Williams,71.37,,-42293.94000000003,PAYMENT, 
797665893991,19/07/2017,Smith Scott and Jones,,465.17,-42759.11000000003,PAYMENT, 
797665893991,21/07/2017,Davis Hood and Ford,1998.59,,-40760.52000000003,PAYMENT, 
797665893991,24/07/2017,Crane-Lozano,,38.38,-40798.90000000003,PAYMENT, 
797665893991,26/07/2017,876153627193004 SAUNDERS LTD ,814.94,,-39983.96000000003,POS, 
797665893991,29/07/2017,Howell Smith and Walker,718.57,,-39265.39000000003,ATM, 
797665893991,29/07/2017,123966020996822 EVANS HOFFMAN AND RILEY ,809.46,,-38455.93000000003,PAYMENT, 
797665893991,30/07/2017,947120443590803 SHAW-BRUCE ,,1046.58,-39502.51000000003,POS, 
797665893991,31/07/2017,Sanchez-White,,390.76,-39893.27000000003,PAYMENT, 
797665893991,01/08/2017,Soto Long and Rojas,1640.78,,-38252.490000000034,PAYMENT, 
797665893991,03/08/2017,Kent PLC,,323.09,-38575.58000000003,POS, 
797665893991,04/08/2017,176740170863542 MOON PLC ,1370.8,,-37204.78000000003,OTHER, 
797665893991,07/08/2017,945092220342920 RUIZ GROUP ,,1179.01,-38383.79000000003,ATM, 
797665893991,09/08/2017,Lane Sexton and Coleman,1278.56,,-37105.23000000003,OTHER, 
797665893991,11/08/2017,Barrett-Schroeder,,122.67,-37227.90000000003,ATM, 
797665893991,13/08/2017,440645949213414 DIAZ INC ,,1691.77,-38919.67000000003,OTHER, 
797665893991,14/08/2017,Terrell Smith and Hodges,,389.78,-39309.450000000026,OTHER, 
797665893991,14/08/2017,502711650850090 JOHNSON-HINTON ,,840.05,-40149.50000000003,POS, 
797665893991,16/08/2017,Sanchez Ltd,429.67,,-39719.83000000003,ATM, 
797665893991,16/08/2017,566205069710946 MAXWELL LLC ,,892.45,-40612.28000000003,POS, 
797665893991,17/08/2017,555279696312795 CRUZ RODRIGUEZ AND ROBINSON ,1087.27,,-39525.01000000003,PAYMENT, 
797665893991,17/08/2017,Mccormick LLC,,1243.95,-40768.96000000003,OTHER, 
797665893991,19/08/2017,Cooley-Ellis,,1177.22,-41946.18000000003,ATM, 
797665893991,22/08/2017,280971247908007 SMITH-DAVIS ,843.84,,-41102.34000000003,ATM, 
797665893991,25/08/2017,615557668911065 HORNE-SLOAN ,1208.84,,-39893.50000000004,PAYMENT, 
797665893991,25/08/2017,835412030727581 RUIZ AND SONS ,,1111.12,-41004.62000000004,OTHER, 
797665893991,28/08/2017,37751019896191 BLANKENSHIP-CRAWFORD ,1455.33,,-39549.29000000004,PAYMENT, 
797665893991,30/08/2017,919588892607480 WILLIAMS LTD ,,1322.98,-40872.27000000004,OTHER, 
797665893991,31/08/2017,Harrington Sandoval and Weaver,1484.14,,-39388.13000000004,ATM, 
797665893991,31/08/2017,Fields Group,1630.95,,-37757.180000000044,ATM, 
797665893991,01/09/2017,Cox Guzman and Short,,1021.27,-38778.45000000004,POS, 
797665893991,03/09/2017,381074088913901 GENTRY GREEN AND MARTIN ,14.97,,-38763.48000000004,POS, 
797665893991,05/09/2017,Watson Carter and Downs,503.26,,-38260.22000000004,ATM, 
797665893991,05/09/2017,346117815637681 BRANDT INC ,,225.55,-38485.77000000004,OTHER, 
797665893991,05/09/2017,Washington LLC,,858.79,-39344.56000000004,OTHER, 
797665893991,07/09/2017,Murphy LLC,1439.49,,-37905.07000000004,ATM, 
797665893991,08/09/2017,Goodwin-Osborne,1433.03,,-36472.040000000045,OTHER, 
797665893991,08/09/2017,23554838147121 ELLISON WAGNER AND BROWN ,,1966.16,-38438.20000000005,ATM, 
797665893991,10/09/2017,851170320593636 LEE PLC ,,170.08,-38608.28000000005,OTHER, 
797665893991,11/09/2017,Pham-Wall,,84.4,-38692.68000000005,PAYMENT, 
797665893991,12/09/2017,Morris-Larsen,,928.72,-39621.40000000005,ATM, 
797665893991,14/09/2017,712379231111349 RIOS TRAN AND MCBRIDE ,312.85,,-39308.550000000054,POS, 
797665893991,15/09/2017,House-Lloyd,396.04,,-38912.51000000005,ATM, 
797665893991,17/09/2017,Hartman Thomas and Brown,,1972.63,-40885.14000000005,PAYMENT, 
797665893991,20/09/2017,Jones-Johnson,,192.06,-41077.20000000005,OTHER, 
797665893991,20/09/2017,Singleton-Manning,1283.83,,-39793.370000000046,PAYMENT, 
797665893991,20/09/2017,Warren Inc,,1492.96,-41286.330000000045,ATM, 
797665893991,23/09/2017,Ellis-Andrews,,1417.44,-42703.77000000005,ATM, 
797665893991,25/09/2017,643622604356833 MILLER LTD ,1660.32,,-41043.45000000005,OTHER, 
797665893991,26/09/2017,King Price and Washington,1124.75,,-39918.70000000005,OTHER, 
797665893991,28/09/2017,228066991860169 MURPHY HUDSON AND GARRISON ,1331.63,,-38587.07000000005,PAYMENT, 
797665893991,28/09/2017,122273422442960 HILL KING AND YANG ,,763.25,-39350.32000000005,ATM, 
797665893991,01/10/2017,878719947705073 MOORE AND SONS ,1815.88,,-37534.44000000005,POS, 
797665893991,03/10/2017,652605385886451 BOYD-WILLIAMS ,,1019.99,-38554.43000000005,POS, 
797665893991,04/10/2017,Hernandez Ltd,826.31,,-37728.12000000005,ATM, 
797665893991,06/10/2017,47078122778220 KELLER HARRISON AND DUNN ,1766.74,,-35961.380000000056,POS, 
797665893991,08/10/2017,Mills-Velazquez,,251.21,-36212.590000000055,OTHER, 
797665893991,10/10/2017,Jennings Ltd,74.12,,-36138.47000000005,ATM, 
797665893991,10/10/2017,609470284793377 HOGAN-POWELL ,1823.2,,-34315.270000000055,OTHER, 
797665893991,10/10/2017,Pena English and Lee,507.43,,-33807.840000000055,PAYMENT, 
797665893991,11/10/2017,Burton and Sons,,1496.32,-35304.160000000054,OTHER, 
797665893991,13/10/2017,Gibson Hanson and Cross,,1111.49,-36415.65000000005,PAYMENT, 
797665893991,16/10/2017,719352910878933 REILLY-HODGE ,880.11,,-35535.54000000005,POS, 
797665893991,17/10/2017,Murray Group,,331.42,-35866.96000000005,PAYMENT, 
797665893991,18/10/2017,813605075375411 STEWART-ROBINSON ,,1227.41,-37094.37000000005,OTHER, 
797665893991,20/10/2017,35461870458556 BENNETT-EVANS ,,1051.59,-38145.96000000005,POS, 
797665893991,21/10/2017,126756696682012 HAYES-MCCARTHY ,1842.24,,-36303.72000000005,PAYMENT, 
797665893991,22/10/2017,516753370415701 SCOTT-KENNEDY ,624.88,,-35678.840000000055,POS, 
797665893991,24/10/2017,Alexander PLC,,100.14,-35778.980000000054,POS, 
797665893991,24/10/2017,Salazar Ltd,,1137.16,-36916.14000000006,POS, 
797665893991,24/10/2017,Thompson Johnson and Li,1482.71,,-35433.43000000006,OTHER, 
797665893991,27/10/2017,Randolph-Rubio,1225.14,,-34208.29000000006,POS, 
797665893991,29/10/2017,Bender-Shaw,1394.7,,-32813.59000000006,POS, 
797665893991,01/11/2017,221929623624648 MCMILLAN LLC ,,346.56,-33160.15000000006,PAYMENT, 
797665893991,01/11/2017,Jones-Johnson,,186.52,-33346.67000000006,OTHER, 
797665893991,04/11/2017,Brennan-Tucker,603.05,,-32743.620000000057,PAYMENT, 
797665893991,06/11/2017,344423143555807 BELL STEWART AND BALDWIN ,,114.49,-32858.11000000006,ATM, 
797665893991,09/11/2017,546419443527522 ROBERTS GRAHAM AND VINCENT ,143.86,,-32714.25000000006,ATM, 
797665893991,09/11/2017,Yoder Vaughn and Moore,376.36,,-32337.890000000058,ATM, 
797665893991,12/11/2017,Gallegos Morris and Morrison,1177.34,,-31160.550000000057,OTHER, 
797665893991,15/11/2017,Williams Guzman and Holland,,1051.62,-32212.170000000056,ATM, 
797665893991,18/11/2017,Watson LLC,238.99,,-31973.180000000055,POS, 
797665893991,21/11/2017,989098298364447 RASMUSSEN STEVENS AND GRIMES ,,769.34,-32742.520000000055,ATM, 
797665893991,24/11/2017,Williams PLC,619.16,,-32123.360000000055,PAYMENT, 
797665893991,24/11/2017,Castro Harrington and Simmons,1296.73,,-30826.630000000056,ATM, 
797665893991,27/11/2017,Jones-Robles,,401.2,-31227.830000000056,OTHER, 
797665893991,28/11/2017,979798044902034 HARRIS MCDONALD AND JOHNSON ,776.05,,-30451.780000000057,POS, 
797665893991,28/11/2017,Pineda Gillespie and Walsh,,1558.75,-32010.530000000057,ATM, 
797665893991,28/11/2017,885466363549529 EDWARDS AND SONS ,,523.47,-32534.00000000006,POS, 
797665893991,01/12/2017,776618481825964 KELLY-MURPHY ,,524.66,-33058.66000000006,POS, 
797665893991,01/12/2017,Salazar Inc,,1046.22,-34104.88000000006,PAYMENT, 
797665893991,02/12/2017,994037998928587 STARK AND SONS ,,1700.34,-35805.22000000006,PAYMENT, 
797665893991,04/12/2017,Taylor LLC,1280.46,,-34524.76000000006,POS, 
797665893991,06/12/2017,Martinez Inc,,1439.69,-35964.45000000006,PAYMENT, 
797665893991,07/12/2017,937978806365711 THOMAS LLC ,,1072.96,-37037.41000000006,PAYMENT, 
797665893991,07/12/2017,Miller Perez and Diaz,1062.7,,-35974.710000000065,ATM, 
797665893991,10/12/2017,690569379218942 GRANT-HARTMAN ,,858.46,-36833.170000000064,OTHER, 
797665893991,12/12/2017,643975886594226 WALSH LTD ,,638.14,-37471.31000000006,ATM, 
797665893991,12/12/2017,Rodriguez PLC,,1619.9,-39091.210000000065,PAYMENT, 
797665893991,14/12/2017,593789508753687 SULLIVAN-GUTIERREZ ,,1985.4,-41076.610000000066,POS, 
797665893991,17/12/2017,405315899546525 HESTER AND SONS ,,1483.4,-42560.01000000007,OTHER, 
797665893991,19/12/2017,765733667331633 CURTIS RHODES AND MASON ,820.42,,-41739.59000000007,ATM, 
797665893991,22/12/2017,407260429613225 BROWN PERKINS AND SANDERS ,,1346.46,-43086.05000000007,OTHER, 
797665893991,24/12/2017,150078316631072 DELACRUZ MELENDEZ AND FREDERICK ,,308.8,-43394.85000000007,ATM, 
797665893991,25/12/2017,998767655018502 PARKER PORTER AND WEBB ,1088.21,,-42306.64000000007,PAYMENT, 
797665893991,26/12/2017,113593794677841 BROWN-STEVENSON ,1200.85,,-41105.79000000007,POS, 
797665893991,26/12/2017,Ross-Webb,398.38,,-40707.410000000076,ATM, 
797665893991,29/12/2017,851997944209589 THOMPSON AND SONS ,354.54,,-40352.870000000075,OTHER, 
797665893991,29/12/2017,Ramirez LLC,,1463.57,-41816.440000000075,POS, 
797665893991,30/12/2017,May Inc,,865.92,-42682.36000000007,POS, 
797665893991,02/01/2018,Garcia Group,1266.99,,-41415.370000000075,ATM, 
797665893991,03/01/2018,232918023319427 BAUER AND SONS ,,120.84,-41536.21000000007,OTHER, 
797665893991,04/01/2018,287960828902851 MORENO INC ,,680.31,-42216.52000000007,PAYMENT, 
797665893991,07/01/2018,Gutierrez-Barton,1232.53,,-40983.99000000007,ATM, 
797665893991,10/01/2018,409204467962868 SMITH-YOUNG ,862.84,,-40121.150000000074,ATM, 
797665893991,13/01/2018,Garcia Alvarado and Schroeder,1323.92,,-38797.230000000076,PAYMENT, 
797665893991,15/01/2018,592305981357786 ELLISON-REYES ,,1500.06,-40297.29000000007,POS, 
797665893991,16/01/2018,48674503489270 ANDERSON PLC ,1863.14,,-38434.150000000074,PAYMENT, 
797665893991,18/01/2018,892866114557215 GOODMAN AND SONS ,,287.84,-38721.99000000007,OTHER, 
797665893991,19/01/2018,715241991286797 SANTOS-GARCIA ,,677.2,-39399.19000000007,PAYMENT, 
797665893991,21/01/2018,984995172872032 CARPENTER AND SONS ,1419.86,,-37979.33000000007,ATM, 
797665893991,22/01/2018,Chase-Vasquez,,1929.87,-39909.20000000007,PAYMENT, 
797665893991,25/01/2018,337678721290542 WILLIAMS-LARSEN ,,615.58,-40524.78000000007,POS, 
797665893991,26/01/2018,Knight Group,,1829.82,-42354.60000000007,POS, 
797665893991,26/01/2018,Bailey LLC,,1080.55,-43435.150000000074,OTHER, 
797665893991,27/01/2018,Gaines Williams and Johnson,,179.32,-43614.470000000074,POS, 
797665893991,28/01/2018,594794024554869 SMITH GOMEZ AND BARNES ,1797.63,,-41816.84000000008,PAYMENT, 
797665893991,30/01/2018,Trevino-Fowler,,1382.17,-43199.010000000075,OTHER, 
797665893991,31/01/2018,Maxwell Howard and Wright,1254.24,,-41944.77000000008,ATM, 
797665893991,31/01/2018,579873197025253 ROGERS-PARKER ,302.38,,-41642.39000000008,POS, 
797665893991,01/02/2018,Roy-Bailey,1522.96,,-40119.43000000008,OTHER, 
797665893991,01/02/2018,Adams Smith and Flores,,1715.77,-41835.20000000008,ATM, 
797665893991,04/02/2018,863480219769865 COX HUGHES AND WEST ,126.67,,-41708.53000000008,POS, 
797665893991,04/02/2018,783117130702679 STEWART GROUP ,,1204.83,-42913.36000000008,OTHER, 
797665893991,06/02/2018,Sampson Inc,772.62,,-42140.74000000008,POS, 
797665893991,09/02/2018,Cook PLC,,584.99,-42725.730000000076,OTHER, 
797665893991,10/02/2018,877399746685006 JENKINS-SALAS ,1444.95,,-41280.78000000008,OTHER, 
797665893991,12/02/2018,30704968912524 PEREZ LLC ,,22.11,-41302.89000000008,PAYMENT, 
797665893991,13/02/2018,198531167391366 MCCOY-WHITE ,,427.09,-41729.980000000076,POS, 
797665893991,16/02/2018,148035926078564 BOWMAN PLC ,,976.86,-42706.84000000008,POS, 
797665893991,19/02/2018,662292821287708 BAKER-BELL ,1025.3,,-41681.54000000007,PAYMENT, 
797665893991,20/02/2018,522784626184277 KENNEDY BECKER AND CHAVEZ ,267.99,,-41413.550000000076,ATM, 
797665893991,21/02/2018,223643716112626 WOOD SANTANA AND HAWKINS ,,31.08,-41444.63000000008,POS, 
797665893991,23/02/2018,Garcia-Owens,553.23,,-40891.400000000074,ATM, 
797665893991,24/02/2018,Gill Rojas and Holt,,873.97,-41765.370000000075,ATM, 
797665893991,27/02/2018,Lawrence-Espinoza,,1665.63,-43431.00000000007,ATM, 
797665893991,27/02/2018,868910772195498 MOORE GROUP ,,1255.96,-44686.96000000007,POS, 
797665893991,02/03/2018,Thomas Reyes and Green,,1401.59,-46088.55000000007,ATM, 
797665893991,04/03/2018,648325804079913 JENKINS BUTLER AND GLENN ,,358.3,-46446.85000000007,ATM, 
797665893991,07/03/2018,Ward-Williams,288.86,,-46157.99000000007,POS, 
797665893991,10/03/2018,521007273045685 CLINE MARTIN AND ESPINOZA ,,242.91,-46400.900000000074,PAYMENT, 
797665893991,12/03/2018,Hernandez-Carr,,327.21,-46728.11000000007,POS, 
797665893991,12/03/2018,Wolf Dennis and Jones,,1719.66,-48447.77000000008,ATM, 
797665893991,13/03/2018,191796089264455 PEREZ-JACKSON ,,640.86,-49088.63000000008,PAYMENT, 
797665893991,13/03/2018,598023901485149 LEE-LANE ,1957.9,,-47130.730000000076,POS, 
797665893991,15/03/2018,Hernandez Morales and Robinson,,1982.62,-49113.35000000008,POS, 
797665893991,17/03/2018,469741917592820 BELL-WRIGHT ,,1599.98,-50713.33000000008,PAYMENT, 
797665893991,17/03/2018,Mckenzie-Davis,1331.2,,-49382.130000000085,OTHER, 
797665893991,18/03/2018,629305273563095 BRADFORD BELTRAN AND WHITE ,193.81,,-49188.32000000009,POS, 
797665893991,19/03/2018,406788895838278 JOHNSON-NICHOLS ,,557.24,-49745.560000000085,PAYMENT, 
797665893991,20/03/2018,400522697043607 SHAW DAVILA AND BLACK ,,288.71,-50034.270000000084,ATM, 
797665893991,21/03/2018,987288519907489 FREEMAN-THOMAS ,1918.61,,-48115.66000000008,ATM, 
797665893991,23/03/2018,Allen Group,,1867.32,-49982.98000000008,OTHER, 
797665893991,26/03/2018,369128496623930 SUAREZ LTD ,1333.87,,-48649.11000000008,PAYMENT, 
797665893991,28/03/2018,Anderson LLC,,1441.16,-50090.270000000084,OTHER, 
797665893991,30/03/2018,Long-Adkins,,1770.65,-51860.920000000086,POS, 
797665893991,01/04/2018,Huff-Schultz,,187.68,-52048.600000000086,ATM, 
797665893991,04/04/2018,133604062940720 BARRERA-BROWN ,1116.62,,-50931.98000000008,ATM, 
797665893991,04/04/2018,598683249812480 LEE-POTTER ,1775.68,,-49156.30000000008,OTHER, 
797665893991,07/04/2018,278643382015891 GILMORE-KING ,,273.21,-49429.51000000008,PAYMENT, 
797665893991,08/04/2018,199620388738081 GONZALEZ MARTIN AND JOHNSON ,218.46,,-49211.05000000008,ATM, 
797665893991,10/04/2018,776200221396823 MEJIA-FOX ,872.53,,-48338.520000000084,ATM, 
797665893991,12/04/2018,901296406423865 JACOBS GILBERT AND PRATT ,26.96,,-48311.560000000085,PAYMENT, 
797665893991,15/04/2018,497355971712543 CARRILLO MUNOZ AND BARAJAS ,117.35,,-48194.21000000009,PAYMENT, 
797665893991,16/04/2018,147858895439286 ZAMORA SANDERS AND STEWART ,1961.7,,-46232.51000000009,POS, 
797665893991,18/04/2018,686009895352440 WOODS SALINAS AND BENNETT ,,1922.67,-48155.18000000009,ATM, 
797665893991,21/04/2018,942938323320595 SHARP-MARTIN ,1099.98,,-47055.200000000084,ATM, 
797665893991,24/04/2018,Rodriguez-Brown,732.15,,-46323.05000000008,ATM, 
797665893991,24/04/2018,716357959913176 LEWIS BRYANT AND BARNES ,1617.57,,-44705.48000000008,POS, 
797665893991,25/04/2018,Torres LLC,,645.76,-45351.240000000085,PAYMENT, 
797665893991,26/04/2018,Sims Fisher and Hayden,,1204.13,-46555.37000000008,POS, 
797665893991,26/04/2018,64061343639316 PATEL-RICH ,,951.15,-47506.520000000084,PAYMENT, 
797665893991,27/04/2018,Soto-Marsh,,967.28,-48473.80000000008,OTHER, 
797665893991,27/04/2018,Berry Lyons and Doyle,647.49,,-47826.310000000085,POS, 
797665893991,27/04/2018,580925565995587 ERICKSON INC ,,993.33,-48819.64000000009,OTHER, 
797665893991,29/04/2018,395005355099596 JACKSON-HERRING ,,1209.21,-50028.850000000086,PAYMENT, 
797665893991,01/05/2018,851907088842402 MAY GROUP ,,1212.78,-51241.630000000085,OTHER, 
797665893991,04/05/2018,Moore Ltd,848.19,,-50393.44000000008,PAYMENT, 
797665893991,07/05/2018,Johnson Inc,1978.88,,-48414.560000000085,ATM, 
797665893991,08/05/2018,Martinez Tran and Roberson,1199.29,,-47215.270000000084,PAYMENT, 
797665893991,08/05/2018,Johnston-Perez,,615.12,-47830.39000000009,ATM, 
797665893991,11/05/2018,791073621836833 HAAS GARCIA AND BARNES ,,924.03,-48754.420000000086,ATM, 
797665893991,11/05/2018,217625426586200 KIM SOLIS AND KEITH ,1007.12,,-47747.30000000008,POS, 
797665893991,13/05/2018,558974065294484 SNOW INC ,619.92,,-47127.380000000085,OTHER, 
797665893991,13/05/2018,298490539583561 SMITH-MEYER ,976.08,,-46151.30000000008,POS, 
797665893991,14/05/2018,951594664230587 HINES MARSHALL AND SMITH ,857.68,,-45293.62000000008,POS, 
797665893991,17/05/2018,535065023928956 POWELL-CASTILLO ,1930.89,,-43362.73000000008,OTHER, 
797665893991,17/05/2018,982646854624777 HOOD INC ,797.9,,-42564.83000000008,ATM, 
797665893991,19/05/2018,9063407448610 JOHNSON-HENDERSON ,592.06,,-41972.770000000084,OTHER, 
797665893991,22/05/2018,Garcia-Welch,1605.26,,-40367.51000000008,OTHER, 
797665893991,22/05/2018,868130374364280 JACKSON GARZA AND GRIFFIN ,,1920.46,-42287.97000000008,ATM, 
797665893991,23/05/2018,Ellis Watson and Kelly,1683.58,,-40604.39000000008,OTHER, 
797665893991,26/05/2018,999841320679392 MILLER-LLOYD ,1681.12,,-38923.27000000008,POS, 
797665893991,27/05/2018,433918404062889 SMITH LLC ,,1191.23,-40114.50000000008,OTHER, 
797665893991,30/05/2018,Lopez-Brown,,153.23,-40267.73000000008,ATM, 
797665893991,02/06/2018,Walker-Ellis,328.8,,-39938.93000000008,PAYMENT, 
797665893991,04/06/2018,706894491453304 BOYD AND SONS ,112.06,,-39826.87000000008,ATM, 
797665893991,04/06/2018,Collins Ltd,15.07,,-39811.80000000008,POS, 
797665893991,06/06/2018,Diaz Group,146.25,,-39665.55000000008,POS, 
797665893991,08/06/2018,English-Russo,,222.56,-39888.11000000008,OTHER, 
797665893991,09/06/2018,Smith-Thomas,,34.47,-39922.58000000008,ATM, 
797665893991,12/06/2018,584191524464659 SPENCE LLC ,620.44,,-39302.14000000008,PAYMENT, 
797665893991,15/06/2018,Fowler Lee and Bass,355.56,,-38946.58000000008,PAYMENT, 
797665893991,16/06/2018,674950566010453 TURNER-TRUJILLO ,1191.25,,-37755.33000000008,OTHER, 
797665893991,17/06/2018,950347585078939 PHAM LTD ,,850.98,-38606.310000000085,POS, 
797665893991,20/06/2018,Watkins-Berger,951.49,,-37654.82000000009,POS, 
797665893991,23/06/2018,Davis-Herrera,,1377.2,-39032.020000000084,OTHER, 
797665893991,25/06/2018,601299030105464 SILVA LTD ,,1931.08,-40963.100000000086,ATM, 
797665893991,27/06/2018,Willis Cortez and Moore,1909.64,,-39053.46000000009,ATM, 
797665893991,28/06/2018,359140234780221 ROBINSON ALLEN AND WASHINGTON ,,530.89,-39584.350000000086,OTHER, 
797665893991,30/06/2018,932853716656196 BECK PLC ,,825.64,-40409.990000000085,POS, 
797665893991,30/06/2018,589026897471928 BROWN LLC ,1434.79,,-38975.200000000084,ATM, 
797665893991,01/07/2018,Bennett-Phillips,1270.02,,-37705.18000000009,ATM, 
797665893991,02/07/2018,576549343169664 COOK NGUYEN AND BOONE ,362.2,,-37342.98000000009,PAYMENT, 
797665893991,03/07/2018,126255186397306 SINGLETON MACK AND WHITNEY ,1562.29,,-35780.69000000009,ATM, 
797665893991,03/07/2018,411304924164224 ATKINSON COOK AND DOMINGUEZ ,,792.11,-36572.80000000009,PAYMENT, 
797665893991,03/07/2018,790276497070063 SILVA STRICKLAND AND WEBER ,,401.14,-36973.94000000009,POS, 
797665893991,06/07/2018,868599125600203 SMITH-SCOTT ,23.6,,-36950.34000000009,POS, 
797665893991,07/07/2018,709070511137948 LITTLE RANDOLPH AND WEST ,589.36,,-36360.98000000009,OTHER, 
797665893991,09/07/2018,Velasquez-Peters,,1714.94,-38075.92000000009,ATM, 
797665893991,11/07/2018,811178652857074 ABBOTT NGUYEN AND DRAKE ,367.33,,-37708.59000000009,OTHER, 
797665893991,14/07/2018,Morales PLC,,122.64,-37831.23000000009,POS, 
797665893991,17/07/2018,Sutton-Rollins,,1620.89,-39452.12000000009,OTHER, 
797665893991,19/07/2018,Tucker Group,1003.42,,-38448.70000000009,PAYMENT, 
797665893991,21/07/2018,Marshall-Murphy,993.64,,-37455.06000000009,OTHER, 
797665893991,22/07/2018,Ruiz PLC,908.05,,-36547.01000000009,ATM, 
797665893991,23/07/2018,20379338780836 AUSTIN PETERSON AND BRADLEY ,468.32,,-36078.69000000009,POS, 
797665893991,26/07/2018,38766008848493 WALKER-OBRIEN ,25.71,,-36052.98000000009,OTHER, 
797665893991,27/07/2018,Young Inc,1417.19,,-34635.79000000009,PAYMENT, 
797665893991,27/07/2018,650254260491309 PATTERSON LLC ,,1959.77,-36595.560000000085,PAYMENT, 
797665893991,29/07/2018,866995588382246 RAMSEY GENTRY AND MCDONALD ,,1255.31,-37850.87000000008,ATM, 
797665893991,30/07/2018,Schmidt Villanueva and Anderson,1088.41,,-36762.46000000008,POS, 
797665893991,02/08/2018,985155357735666 CORTEZ AND SONS ,531.98,,-36230.480000000076,ATM, 
797665893991,03/08/2018,Smith Andrews and Peters,,1368.32,-37598.800000000076,PAYMENT, 
797665893991,05/08/2018,801497410228057 SMITH BALLARD AND WILSON ,,414.57,-38013.370000000075,OTHER, 
797665893991,06/08/2018,Robinson Ltd,,1466.55,-39479.92000000008,POS, 
797665893991,07/08/2018,320347594821173 COLE LTD ,,1619.22,-41099.14000000008,ATM, 
797665893991,10/08/2018,Trevino Carter and Mason,1370.13,,-39729.01000000008,POS, 
797665893991,13/08/2018,740622374585611 MARSHALL AYALA AND HAYES ,740.02,,-38988.990000000085,ATM, 
797665893991,13/08/2018,461738160938208 JIMENEZ-DOUGLAS ,983.7,,-38005.29000000009,OTHER, 
797665893991,14/08/2018,Gutierrez PLC,,1233.65,-39238.94000000009,POS, 
797665893991,14/08/2018,Drake-Smith,,1270.82,-40509.76000000009,POS, 
797665893991,17/08/2018,183217338524671 HUANG DONALDSON AND BAUER ,1279.69,,-39230.07000000009,POS, 
797665893991,17/08/2018,Benson-Orozco,,852.75,-40082.82000000009,POS, 
797665893991,18/08/2018,601104938149628 MILLER YANG AND EDWARDS ,1379.24,,-38703.58000000009,OTHER, 
797665893991,21/08/2018,759707174648026 EATON WILLIAMS AND HART ,736.8,,-37966.780000000086,ATM, 
797665893991,24/08/2018,762887858081458 MOORE LTD ,,1822.03,-39788.810000000085,ATM, 
797665893991,26/08/2018,822985431832734 WEST MURPHY AND ROSE ,753.82,,-39034.990000000085,PAYMENT, 
797665893991,27/08/2018,Lewis Oliver and Wright,,879.11,-39914.100000000086,OTHER, 
797665893991,29/08/2018,Hawkins Stanton and Armstrong,1279.05,,-38635.05000000008,OTHER, 
797665893991,30/08/2018,342346745385790 GIBSON ESPINOZA AND LEE ,1388.95,,-37246.100000000086,POS, 
797665893991,02/09/2018,375510270781405 GRAY LTD ,,1329.35,-38575.450000000084,PAYMENT, 
797665893991,04/09/2018,Davis Hernandez and Mason,1860.6,,-36714.850000000086,OTHER, 
797665893991,05/09/2018,Robinson Simpson and Stafford,1206.31,,-35508.54000000009,PAYMENT, 
797665893991,08/09/2018,Smith-Jenkins,,1367.59,-36876.130000000085,POS, 
797665893991,09/09/2018,367285407790652 WILLIAMS GROUP ,1324.44,,-35551.69000000008,POS, 
797665893991,10/09/2018,Bryant Little and Esparza,1986.92,,-33564.770000000084,OTHER, 
797665893991,10/09/2018,259348182011953 NORMAN GROUP ,,1137.97,-34702.740000000085,PAYMENT, 
797665893991,13/09/2018,Roman and Sons,,372.56,-35075.30000000008,PAYMENT, 
797665893991,15/09/2018,Ramirez-Fisher,,1715.29,-36790.590000000084,ATM, 
797665893991,15/09/2018,Roberts Group,765.53,,-36025.060000000085,PAYMENT, 
797665893991,16/09/2018,443335379743496 SHAW-HARVEY ,1094.24,,-34930.82000000009,POS, 
797665893991,19/09/2018,Anderson Norman and Vargas,1558.37,,-33372.450000000084,POS, 
797665893991,22/09/2018,718635577996585 COLLIER ARNOLD AND MASSEY ,,26.98,-33399.43000000009,OTHER, 
797665893991,24/09/2018,Strickland-Johnson,,1841.95,-35241.380000000085,POS, 
797665893991,24/09/2018,953588548424771 OROZCO-FLETCHER ,,1929.23,-37170.61000000009,POS, 
797665893991,24/09/2018,Todd LLC,,1485.37,-38655.98000000009,PAYMENT, 
797665893991,26/09/2018,Mcbride-Pennington,,646.87,-39302.85000000009,PAYMENT, 
797665893991,28/09/2018,522154481998422 VASQUEZ AND SONS ,231.57,,-39071.28000000009,OTHER, 
797665893991,01/10/2018,88603018570253 JONES-JONES ,,1005.77,-40077.05000000009,PAYMENT, 
797665893991,04/10/2018,Phillips Gregory and Meadows,,141.51,-40218.56000000009,ATM, 
797665893991,05/10/2018,572069324108621 WOLF PLC ,,1423.91,-41642.470000000096,PAYMENT, 
797665893991,05/10/2018,793980416424538 BOYER JONES AND PEREZ ,,1792.78,-43435.250000000095,POS, 
797665893991,08/10/2018,439111489875692 BAXTER LTD ,1375.41,,-42059.84000000009,POS, 
797665893991,08/10/2018,169724719608604 FISHER AND SONS ,1221.96,,-40837.88000000009,PAYMENT, 
797665893991,08/10/2018,Williams Group,688.33,,-40149.55000000009,POS, 
797665893991,11/10/2018,161384512165972 WILLIAMS-SMITH ,1248.17,,-38901.38000000009,POS, 
797665893991,13/10/2018,458313893272627 CHANDLER-FISCHER ,,1565.4,-40466.78000000009,ATM, 
797665893991,16/10/2018,489533180982431 HAWKINS SALAZAR AND DIAZ ,,1201.25,-41668.03000000009,ATM, 
797665893991,19/10/2018,Cuevas Perry and Mills,1485.03,,-40183.000000000095,POS, 
797665893991,22/10/2018,232971002824519 MATTHEWS BLANKENSHIP AND WALTERS ,,1117.77,-41300.77000000009,PAYMENT, 
797665893991,22/10/2018,93359943077404 KAISER SANTOS AND MORRIS ,578.12,,-40722.65000000009,OTHER, 
797665893991,23/10/2018,689784718133978 BUCKLEY-BELL ,,1303.07,-42025.72000000009,PAYMENT, 
797665893991,26/10/2018,218557706151036 FRIEDMAN-DUNN ,,691.97,-42717.69000000009,OTHER, 
797665893991,28/10/2018,Sosa Inc,,915.31,-43633.00000000009,PAYMENT, 
797665893991,30/10/2018,Walters PLC,,1477.26,-45110.26000000009,POS, 
797665893991,31/10/2018,866611359759967 IRWIN LEE AND SANCHEZ ,292.12,,-44818.14000000009,ATM, 
797665893991,02/11/2018,Byrd-Evans,,1465.41,-46283.55000000009,PAYMENT, 
797665893991,05/11/2018,881073408928064 DAVIS OLSEN AND MORSE ,,331.91,-46615.460000000094,ATM, 
797665893991,08/11/2018,Terry LLC,,165.09,-46780.55000000009,POS, 
797665893991,08/11/2018,Gilmore Green and Cole,1210.75,,-45569.80000000009,PAYMENT, 
797665893991,10/11/2018,407243227305989 JACKSON PLC ,,486.07,-46055.87000000009,POS, 
797665893991,10/11/2018,734096237906976 HOWELL LTD ,,1976.82,-48032.69000000009,PAYMENT, 
797665893991,13/11/2018,361468453229110 CARSON BROOKS AND SMITH ,,391.63,-48424.32000000009,POS, 
797665893991,14/11/2018,678909979486103 KRUEGER PLC ,1291.98,,-47132.340000000084,PAYMENT, 
797665893991,14/11/2018,Fuller Ltd,,1844.48,-48976.82000000009,OTHER, 
797665893991,17/11/2018,736336670887049 ANDERSON LLC ,,883.25,-49860.07000000009,ATM, 
797665893991,18/11/2018,900323333464686 FLEMING-FARLEY ,,1054.95,-50915.020000000084,POS, 
797665893991,21/11/2018,Walter Kennedy and Harmon,1783.12,,-49131.90000000008,PAYMENT, 
797665893991,23/11/2018,234413279311665 THORNTON-YOUNG ,1812.52,,-47319.380000000085,POS, 
797665893991,26/11/2018,Petty Inc,79.63,,-47239.75000000009,ATM, 
797665893991,26/11/2018,Gomez Group,,1096.88,-48336.630000000085,PAYMENT, 
797665893991,29/11/2018,70378800976012 GEORGE BAKER AND DUNN ,59.94,,-48276.69000000008,ATM, 
797665893991,01/12/2018,Reed Logan and Pennington,234.26,,-48042.43000000008,PAYMENT, 
797665893991,01/12/2018,Black Inc,,923.62,-48966.05000000008,ATM, 
797665893991,02/12/2018,Brooks Cole and Sanchez,1499.49,,-47466.560000000085,POS, 
797665893991,04/12/2018,626491359184294 BRANCH HAYES AND JACKSON ,,861.46,-48328.020000000084,POS, 
797665893991,06/12/2018,755902760934002 ROBERTS-HARRIS ,507.42,,-47820.600000000086,ATM, 
797665893991,09/12/2018,281006657790629 MARTINEZ SMITH AND FLORES ,1567.45,,-46253.15000000009,ATM, 
797665893991,11/12/2018,Stone-Roberts,1459.0,,-44794.15000000009,PAYMENT, 
797665893991,11/12/2018,544562652340600 CAMPOS GROUP ,,94.96,-44889.11000000009,ATM, 
797665893991,14/12/2018,Martinez LLC,74.27,,-44814.84000000009,PAYMENT, 
797665893991,16/12/2018,Thompson-White,487.93,,-44326.91000000009,OTHER, 
797665893991,16/12/2018,347192974572100 WILLIAMS LLC ,1952.01,,-42374.90000000009,ATM, 
797665893991,16/12/2018,Oliver-Jones,,841.25,-43216.15000000009,PAYMENT, 
797665893991,16/12/2018,655612590004615 GIBSON ODOM AND GARDNER ,674.12,,-42542.030000000086,ATM, 
797665893991,17/12/2018,Edwards and Sons,818.81,,-41723.22000000009,PAYMENT, 
797665893991,18/12/2018,843872998669659 GRAVES-LOPEZ ,,1058.42,-42781.64000000009,POS, 
797665893991,21/12/2018,444719796393534 MARTINEZ-DEAN ,1261.92,,-41519.72000000009,OTHER, 
797665893991,23/12/2018,427233947409076 GONZALES CARDENAS AND ANDREWS ,,440.56,-41960.280000000086,ATM, 
797665893991,23/12/2018,540604594385587 TODD LITTLE AND FULLER ,,1027.01,-42987.29000000009,OTHER, 
797665893991,25/12/2018,739876028600312 CANTU PLC ,653.85,,-42333.44000000009,OTHER, 
797665893991,25/12/2018,500598522490696 DUNCAN CARPENTER AND BUCHANAN ,,292.99,-42626.43000000009,ATM, 
797665893991,27/12/2018,209335690297053 BOLTON COBB AND CLEMENTS ,,822.93,-43449.36000000009,POS, 
797665893991,28/12/2018,63616876883571 MACIAS GROUP ,810.16,,-42639.200000000084,PAYMENT, 
797665893991,28/12/2018,457915564976106 BRYANT CLARK AND MARTIN ,,1355.58,-43994.780000000086,ATM, 
797665893991,31/12/2018,945743830790355 MARTINEZ LLC ,172.27,,-43822.51000000009,OTHER, 
797665893991,31/12/2018,Hensley-Ross,390.25,,-43432.26000000009,PAYMENT, 
797665893991,31/12/2018,56029053572901 ROBERSON FARMER AND PERRY ,1202.26,,-42230.00000000009,ATM, 
797665893991,02/01/2019,433111271036435 OLSEN LTD ,,817.94,-43047.94000000009,PAYMENT, 
797665893991,02/01/2019,156976182711611 ROSARIO-PETTY ,238.42,,-42809.52000000009,OTHER, 
797665893991,02/01/2019,260805886363234 SCHMIDT LLC ,,177.25,-42986.77000000009,ATM, 
797665893991,04/01/2019,Wheeler-Singleton,238.95,,-42747.820000000094,POS, 
797665893991,04/01/2019,Bullock Mccarthy and Hansen,,687.18,-43435.000000000095,OTHER, 
797665893991,05/01/2019,623121361567778 STRICKLAND-LEE ,805.6,,-42629.400000000096,OTHER, 
797665893991,08/01/2019,190762459483561 GOLDEN-HARPER ,,54.16,-42683.5600000001,POS, 
797665893991,10/01/2019,Brown Mills and Salinas,,1469.9,-44153.4600000001,OTHER, 
797665893991,12/01/2019,Johnson PLC,402.93,,-43750.5300000001,PAYMENT, 
797665893991,14/01/2019,Wheeler LLC,1829.12,,-41921.4100000001,PAYMENT, 
797665893991,17/01/2019,Robinson Group,889.26,,-41032.150000000096,PAYMENT, 
797665893991,17/01/2019,Fisher-Oliver,734.44,,-40297.710000000094,OTHER, 
797665893991,20/01/2019,220212649968360 ZAMORA-JACOBSON ,,1083.27,-41380.98000000009,ATM, 
797665893991,20/01/2019,Perez Ingram and Alvarez,726.08,,-40654.90000000009,OTHER, 
797665893991,22/01/2019,930546134257341 ABBOTT FLOYD AND SHEPARD ,,998.56,-41653.46000000009,POS, 
797665893991,24/01/2019,Tapia-Mccann,69.93,,-41583.530000000086,OTHER, 
797665893991,26/01/2019,840409993272525 COLLIER PARSONS AND REID ,,1108.17,-42691.700000000084,OTHER, 
797665893991,29/01/2019,Perkins-Smith,1794.95,,-40896.75000000009,POS, 
797665893991,31/01/2019,Perez Melendez and Hopkins,,800.88,-41697.630000000085,POS, 
797665893991,31/01/2019,Patel Ltd,,583.76,-42281.39000000009,OTHER, 
797665893991,02/02/2019,356121955412350 RICHARDSON MARQUEZ AND ROBINSON ,963.59,,-41317.80000000009,POS, 
797665893991,02/02/2019,Clark Stone and Manning,1818.53,,-39499.27000000009,ATM, 
797665893991,03/02/2019,28637209284573 HUGHES INC ,418.09,,-39081.180000000095,OTHER, 
797665893991,04/02/2019,159492867690969 ANDREWS AND SONS ,1533.48,,-37547.70000000009,POS, 
797665893991,05/02/2019,726839616286103 MILLER SMITH AND LONG ,,649.78,-38197.48000000009,OTHER, 
797665893991,05/02/2019,Krause LLC,,1053.88,-39251.36000000009,POS, 
797665893991,08/02/2019,Church Brown and Henderson,1965.87,,-37285.490000000085,PAYMENT, 
797665893991,10/02/2019,378333961515141 HAYES-BROWN ,1053.81,,-36231.68000000009,POS, 
797665893991,11/02/2019,26965262246395 MARTIN MILLER AND HOWELL ,1511.73,,-34719.950000000084,PAYMENT, 
797665893991,11/02/2019,Gonzales LLC,,73.28,-34793.23000000008,OTHER, 
797665893991,13/02/2019,524443223231693 PETERSEN WILSON AND SANCHEZ ,,1256.77,-36050.00000000008,OTHER, 
797665893991,16/02/2019,666692918751144 RODRIGUEZ-CAMPBELL ,1951.82,,-34098.18000000008,ATM, 
797665893991,17/02/2019,270084741293262 MILLER ANTHONY AND ESPARZA ,1303.3,,-32794.88000000008,OTHER, 
797665893991,20/02/2019,Foster Inc,,46.89,-32841.77000000008,ATM, 
797665893991,20/02/2019,Singh Ltd,,1750.44,-34592.21000000008,PAYMENT, 
797665893991,20/02/2019,150390631239940 MCKEE-BECK ,,857.74,-35449.95000000008,OTHER, 
797665893991,21/02/2019,Wagner Allen and Peters,,1354.23,-36804.18000000008,ATM, 
797665893991,22/02/2019,70585338352755 SALINAS PLC ,,1608.86,-38413.04000000008,POS, 
797665893991,23/02/2019,Mccoy Fisher and Floyd,1938.73,,-36474.31000000008,POS, 
797665893991,26/02/2019,Barnes Group,1727.54,,-34746.77000000008,OTHER, 
797665893991,27/02/2019,Wilson LLC,,700.7,-35447.470000000074,POS, 
797665893991,01/03/2019,Richardson Ltd,,657.46,-36104.93000000007,ATM, 
797665893991,02/03/2019,Jones-Mendoza,,680.62,-36785.550000000076,ATM, 
797665893991,03/03/2019,949232180357684 MITCHELL YATES AND BAKER ,,558.36,-37343.910000000076,POS, 
797665893991,05/03/2019,997755355998508 STEPHENS-MAYNARD ,,769.88,-38113.79000000007,ATM, 
797665893991,06/03/2019,Sanchez-Compton,,1510.52,-39624.31000000007,POS, 
797665893991,08/03/2019,453925959579019 RODRIGUEZ GROUP ,1211.47,,-38412.84000000007,POS, 
797665893991,10/03/2019,701960457054153 LUCAS-HENSLEY ,,2.31,-38415.15000000007,ATM, 
797665893991,13/03/2019,141224207268347 FOX-TERRY ,,1841.32,-40256.47000000007,PAYMENT, 
797665893991,15/03/2019,Rocha-Valenzuela,1627.14,,-38629.33000000007,PAYMENT, 
797665893991,18/03/2019,735872260224483 PENA-LEWIS ,,165.06,-38794.390000000065,ATM, 
797665893991,21/03/2019,143942251247849 YORK LTD ,1921.63,,-36872.76000000007,PAYMENT, 
797665893991,21/03/2019,Finley White and Herrera,655.6,,-36217.16000000007,OTHER, 
797665893991,21/03/2019,905279025747945 THOMPSON LEWIS AND BROWN ,,1795.07,-38012.23000000007,POS, 
797665893991,21/03/2019,297072172411738 FISHER MOORE AND JACKSON ,246.81,,-37765.42000000007,OTHER, 
797665893991,22/03/2019,886415428661369 WRIGHT-HAMILTON ,,1029.64,-38795.06000000007,PAYMENT, 
797665893991,24/03/2019,Owen-Rowe,408.08,,-38386.98000000007,PAYMENT, 
797665893991,27/03/2019,868282142834315 TURNER INC ,1038.45,,-37348.53000000007,PAYMENT, 
797665893991,29/03/2019,518122151238525 REYNOLDS AND SONS ,,69.16,-37417.690000000075,POS, 
797665893991,31/03/2019,Hawkins-Schaefer,700.98,,-36716.71000000007,ATM, 
797665893991,02/04/2019,Lee Inc,,422.27,-37138.98000000007,ATM, 
797665893991,04/04/2019,Estrada-Esparza,1677.45,,-35461.53000000007,ATM, 
797665893991,05/04/2019,272410617154313 GONZALEZ LLC ,463.06,,-34998.470000000074,OTHER, 
797665893991,07/04/2019,Riddle-Johnson,122.93,,-34875.54000000007,PAYMENT, 
797665893991,10/04/2019,Rich Gray and Stafford,59.18,,-34816.36000000007,PAYMENT, 
797665893991,11/04/2019,533113413785520 JOHNSON MILLER AND ZHANG ,,1453.15,-36269.510000000075,POS, 
797665893991,12/04/2019,Myers-Padilla,,36.4,-36305.910000000076,POS, 
797665893991,13/04/2019,Flores and Sons,,52.3,-36358.21000000008,OTHER, 
797665893991,13/04/2019,Davis Maldonado and Buchanan,,1133.32,-37491.53000000008,POS, 
797665893991,15/04/2019,Evans-Barnes,,164.45,-37655.980000000076,ATM, 
797665893991,18/04/2019,Gordon-Turner,296.64,,-37359.34000000008,ATM, 
797665893991,18/04/2019,Rose-Henderson,258.9,,-37100.440000000075,ATM, 
797665893991,20/04/2019,Jimenez Group,299.95,,-36800.49000000008,ATM, 
797665893991,21/04/2019,874629130790787 MCDONALD BENNETT AND HANSEN ,845.25,,-35955.24000000008,PAYMENT, 
797665893991,22/04/2019,885994640219241 PITTS COBB AND PRINCE ,1151.21,,-34804.03000000008,PAYMENT, 
797665893991,22/04/2019,200536935469382 LONG GROUP ,,1439.54,-36243.57000000008,PAYMENT, 
797665893991,22/04/2019,881537662966845 THOMAS MEYER AND LOWERY ,,1049.83,-37293.40000000008,POS, 
797665893991,23/04/2019,Bray Jensen and Williams,,379.04,-37672.44000000008,ATM, 
797665893991,25/04/2019,Turner-Lee,,552.25,-38224.69000000008,OTHER, 
797665893991,28/04/2019,Schwartz Inc,,29.51,-38254.200000000084,PAYMENT, 
797665893991,01/05/2019,712496789560943 NELSON-ORTIZ ,171.83,,-38082.37000000008,PAYMENT, 
797665893991,04/05/2019,Evans Mcgee and Rivas,,764.56,-38846.93000000008,POS, 
797665893991,04/05/2019,Lee Ltd,1683.58,,-37163.35000000008,OTHER, 
797665893991,04/05/2019,Smith Zimmerman and Petersen,,1021.52,-38184.870000000075,PAYMENT, 
797665893991,06/05/2019,Olson-Gallagher,343.24,,-37841.63000000008,POS, 
797665893991,06/05/2019,Gonzalez Hernandez and Clark,,144.65,-37986.28000000008,PAYMENT, 
797665893991,06/05/2019,Coleman Sweeney and Jordan,988.5,,-36997.78000000008,PAYMENT, 
797665893991,06/05/2019,368709407171911 LANG-SIMMONS ,16.68,,-36981.10000000008,PAYMENT, 
797665893991,09/05/2019,102600012138841 GONZALEZ MARTIN AND KENNEDY ,,1124.73,-38105.83000000008,OTHER, 
797665893991,11/05/2019,Grant Phelps and Rodriguez,1690.08,,-36415.75000000008,ATM, 
797665893991,13/05/2019,Mccall and Sons,789.88,,-35625.87000000008,ATM, 
797665893991,16/05/2019,212395499809191 GARCIA-HANSEN ,782.67,,-34843.200000000084,ATM, 
797665893991,18/05/2019,Kim Group,,114.03,-34957.23000000008,ATM, 
797665893991,20/05/2019,46290598943324 MARTINEZ LTD ,1269.55,,-33687.68000000008,OTHER, 
797665893991,22/05/2019,Brown and Sons,1523.57,,-32164.11000000008,POS, 
797665893991,24/05/2019,270869634601709 MENDEZ LLC ,,899.93,-33064.04000000008,PAYMENT, 
797665893991,25/05/2019,Williams-Walker,,786.5,-33850.54000000008,POS, 
797665893991,28/05/2019,Paul Bowen and Brown,860.77,,-32989.770000000084,POS, 
797665893991,31/05/2019,Meyers PLC,1839.22,,-31150.550000000083,PAYMENT, 
797665893991,01/06/2019,Stein Rivera and Mercer,168.26,,-30982.290000000085,ATM, 
797665893991,02/06/2019,Garcia-Graves,1258.0,,-29724.290000000085,ATM, 
797665893991,02/06/2019,Garcia-Santiago,,700.18,-30424.470000000085,OTHER, 
797665893991,02/06/2019,Floyd-Richardson,,1481.74,-31906.210000000086,ATM, 
797665893991,02/06/2019,Strickland Contreras and Brewer,,316.97,-32223.180000000088,POS, 
797665893991,05/06/2019,Brown Briggs and Moore,,300.48,-32523.660000000087,POS, 
797665893991,06/06/2019,242962692981487 MORRIS INC ,,1647.97,-34171.630000000085,PAYMENT, 
797665893991,06/06/2019,54138735822804 BERRY LLC ,,1243.7,-35415.33000000008,OTHER, 
